@String(PAMI = {IEEE Trans. Pattern Anal. Mach. Intell.})
@String(IJCV = {Int. J. Comput. Vis.})
@String(CVPR= {IEEE Conf. Comput. Vis. Pattern Recog.})
@String(ICCV= {Int. Conf. Comput. Vis.})
@String(ECCV= {Eur. Conf. Comput. Vis.})
@String(NIPS= {Adv. Neural Inform. Process. Syst.})
@String(ICPR = {Int. Conf. Pattern Recog.})
@String(BMVC= {Brit. Mach. Vis. Conf.})
@String(TOG= {ACM Trans. Graph.})
@String(TIP  = {IEEE Trans. Image Process.})
@String(TVCG  = {IEEE Trans. Vis. Comput. Graph.})
@String(TMM  = {IEEE Trans. Multimedia})
@String(ACMMM= {ACM Int. Conf. Multimedia})
@String(ICME = {Int. Conf. Multimedia and Expo})
@String(ICASSP=	{ICASSP})
@String(ICIP = {IEEE Int. Conf. Image Process.})
@String(ACCV  = {ACCV})
@String(ICLR = {Int. Conf. Learn. Represent.})
@String(IJCAI = {IJCAI})
@String(PR   = {Pattern Recognition})
@String(AAAI = {AAAI})
@String(CVPRW= {IEEE Conf. Comput. Vis. Pattern Recog. Worksh.})
@String(CSVT = {IEEE Trans. Circuit Syst. Video Technol.})
@String(ICCS = {Int. Conf. on Comput. Science})

@String(SPL	= {IEEE Sign. Process. Letters})
@String(VR   = {Vis. Res.})
@String(JOV	 = {J. Vis.})
@String(TVC  = {The Vis. Comput.})
@String(JCST  = {J. Comput. Sci. Tech.})
@String(CGF  = {Comput. Graph. Forum})
@String(CVM = {Computational Visual Media})


@String(PAMI  = {IEEE TPAMI})
@String(IJCV  = {IJCV})
@String(CVPR  = {CVPR})
@String(ICCV  = {ICCV})
@String(ECCV  = {ECCV})
@String(NIPS  = {NeurIPS})
@String(ICPR  = {ICPR})
@String(BMVC  =	{BMVC})
@String(TOG   = {ACM TOG})
@String(TIP   = {IEEE TIP})
@String(TVCG  = {IEEE TVCG})
@String(TCSVT = {IEEE TCSVT})
@String(TMM   =	{IEEE TMM})
@String(ACMMM = {ACM MM})
@String(ICME  =	{ICME})
@String(ICASSP=	{ICASSP})
@String(ICIP  = {ICIP})
@String(ACCV  = {ACCV})
@String(ICLR  = {ICLR})
@String(IJCAI = {IJCAI})
@String(PR = {PR})
@String(AAAI = {AAAI})
@String(CVPRW= {CVPRW})
@String(ICCS= {ICCS})
@String(CSVT = {IEEE TCSVT})




@article{park2021hypernerf,
  author = {Park, Keunhong and Sinha, Utkarsh and Hedman, Peter and Barron, Jonathan T. and Bouaziz, Sofien and Goldman, Dan B and Martin-Brualla, Ricardo and Seitz, Steven M.},
  title = {{HyperNeRF: A Higher-Dimensional Representation for Topologically Varying Neural Radiance Fields}},
  journal = {ToG},
  issue_date = {December 2021},
  publisher = {ACM},
  volume = {40},
  number = {6},
  year = {2021},
  articleno = {238},
}

@article{mildenhall2020nerf,
  title={{NeRF: Representing Scenes as Neural Radiance Fields for View Synthesis}},
  author={Mildenhall, Ben and Srinivasan, Pratul P and Tancik, Matthew and Barron, Jonathan T and Ramamoorthi, Ravi and Ng, Ren},
  journal={Communications of the ACM},
  volume={65},
  number={1},
  pages={99--106},
  year={2021},
  publisher={ACM New York, NY, USA}
}
@inproceedings{park2021nerfies,
  title     = {{Nerfies: Deformable Neural Radiance Fields}},
  author={Park, Keunhong and Sinha, Utkarsh and Barron, Jonathan T and Bouaziz, Sofien and Goldman, Dan B and Seitz, Steven M and Martin-Brualla, Ricardo},
  booktitle={ICCV},
  pages={5865--5874},
  year={2021}
}
@article{cao2022authentic,
  title={{Authentic Volumetric Avatars from a Phone Scan}},
  author={Cao, Chen and Simon, Tomas and Kim, Jin Kyu and Schwartz, Gabe and Zollhoefer, Michael and Saito, Shun-Suke and Lombardi, Stephen and Wei, Shih-En and Belko, Danielle and Yu, Shoou-I and others},
  journal={ToG},
  volume={41},
  number={4},
  pages={1--19},
  year={2022},
  publisher={ACM New York, NY, USA}
}
@article{li2017flame,
  title = {Learning a model of facial shape and expression from {4D} scans}, 
  author = {Li, Tianye and Bolkart, Timo and Black, Michael. J. and Li, Hao and Romero, Javier}, 
  journal = {SIGGRAPH Asia}, 
  volume = {36}, 
  number = {6}, 
  year = {2017}, 
  pages = {194:1--194:17},
}
@inproceedings{garbin2021fastnerf,
  title={{FastNeRF: High-Fidelity Neural Rendering at 200FPS}},
  author={Garbin, Stephan J and Kowalski, Marek and Johnson, Matthew and Shotton, Jamie and Valentin, Julien},
  booktitle={ICCV},
  pages={14346--14355},
  year={2021}
}
@inproceedings{hedman2021baking,
  title={{Baking Neural Radiance Fields for Real-Time View Synthesis}},
  author={Hedman, Peter and Srinivasan, Pratul P and Mildenhall, Ben and Barron, Jonathan T and Debevec, Paul},
  booktitle={ICCV},
  pages={5875--5884},
  year={2021}
}
@inproceedings{kingma2014adam,
  author    = {Diederik P. Kingma and
               Jimmy Ba},
  title     = {{Adam: A Method for Stochastic Optimization}},
  booktitle = {ICLR},
  year      = {2015},
  timestamp = {Thu, 25 Jul 2019 14:25:37 +0200},
}
@inproceedings{desbrun1999implicit,
  title={{Implicit Fairing of Irregular Meshes using Diffusion and Curvature Flow}},
  author={Desbrun, Mathieu and Meyer, Mark and Schr{\"o}der, Peter and Barr, Alan H},
  booktitle={CGIT},
  pages={317--324},
  year={1999}
}
@inproceedings{irving2004invertible,
  title={{Invertible Finite Elements For Robust Simulation of Large Deformation}},
  author={Irving, Geoffrey and Teran, Joseph and Fedkiw, Ronald},
  booktitle={SIGGRAPH},
  pages={131--140},
  year={2004}
}
@inproceedings{blanz1999morphable,
  title={{A Morphable Model For The Synthesis Of 3D Faces}},
  author={Blanz, Volker and Vetter, Thomas},
  booktitle={CGIT},
  pages={187--194},
  year={1999}
}
@article{ichim2015dynamic,
author = {Ichim, Alexandru Eugen and Bouaziz, Sofien and Pauly, Mark},
title = {{Dynamic 3D Avatar Creation from Hand-Held Video Input}},
year = {2015},
issue_date = {August 2015},
publisher = {Association for Computing Machinery},
address = {New York, NY, USA},
volume = {34},
number = {4},
issn = {0730-0301},
abstract = {We present a complete pipeline for creating fully rigged, personalized 3D facial avatars from hand-held video. Our system faithfully recovers facial expression dynamics of the user by adapting a blendshape template to an image sequence of recorded expressions using an optimization that integrates feature tracking, optical flow, and shape from shading. Fine-scale details such as wrinkles are captured separately in normal maps and ambient occlusion maps. From this user- and expression-specific data, we learn a regressor for on-the-fly detail synthesis during animation to enhance the perceptual realism of the avatars. Our system demonstrates that the use of appropriate reconstruction priors yields compelling face rigs even with a minimalistic acquisition system and limited user assistance. This facilitates a range of new applications in computer animation and consumer-level online communication based on personalized avatars. We present realtime application demos to validate our method.},
journal = {ACM Trans. Graph.},
month = {jul},
articleno = {45},
numpages = {14},
keywords = {3D avatar creation, blendshapes, face animation, rigging}
}
@inproceedings{tewari2022advances,
  title={{Advances in Neural Rendering}},
  author={Tewari, Ayush and Thies, Justus and Mildenhall, Ben and Srinivasan, Pratul and Tretschk, Edgar and Yifan, W and Lassner, Christoph and Sitzmann, Vincent and Martin-Brualla, Ricardo and Lombardi, Stephen and others},
  booktitle={CGF},
  year={2022},
}
@article{kaizhang2020nerfpp,
    author    = {Kai Zhang and Gernot Riegler and Noah Snavely and Vladlen Koltun},
    title     = {{NeRF++: Analyzing and Improving Neural Radiance Fields}},
    journal   = {arXiv:2010.07492},
    year      = {2020},
}
@inproceedings{martin2021nerf,
  title={{NeRF in the Wild: Neural Radiance Fields for Unconstrained Photo Collections}},
  author={Martin-Brualla, Ricardo and Radwan, Noha and Sajjadi, Mehdi SM and Barron, Jonathan T and Dosovitskiy, Alexey and Duckworth, Daniel},
  booktitle={CVPR},
  pages={7210--7219},
  year={2021}
}
@inproceedings{barron2021mip,
  title={{Mip-NeRF: A Multiscale Representation for Anti-aliasing Neural Radiance Fields}},
  author={Barron, Jonathan and Mildenhall, Ben and Tancik, Matthew and Hedman, Peter and Martin-Brualla, Ricardo and Srinivasan, Pratul},
  booktitle={ICCV},
  pages={5855--5864},
  year={2021}
}
@inproceedings{barron2022mip,
  title={{Mip-NeRF 360: Unbounded Anti-aliased Neural Radiance Fields}},
  author={Barron, Jonathan and Mildenhall, Ben and Verbin, Dor and Srinivasan, Pratul and Hedman, Peter},
  booktitle={CVPR},
  pages={5470--5479},
  year={2022}
}
@inproceedings{verbin2022ref,
  title={{Ref-NeRF: Structured View-dependent Appearance for Neural Radiance Fields}},
  author={Verbin, Dor and Hedman, Peter and Mildenhall, Ben and Zickler, Todd and Barron, Jonathan and Srinivasan, Pratul},
  booktitle={CVPR},
  pages={5481--5490},
  year={2022}
}
@inproceedings{tancik2022block,
  title={{Block-NeRF: Scalable Large Scene Neural View Synthesis}},
  author={Tancik, Matthew and Casser, Vincent and Yan, Xinchen and Pradhan, Sabeek and Mildenhall, Ben and Srinivasan, Pratul and Barron, Jonathan and Kretzschmar, Henrik},
  booktitle={CVPR},
  pages={8248--8258},
  year={2022}
}
@inproceedings{huang2022hdr,
  title={{HDR-NeRF: High Dynamic Range Neural Radiance Fields}},
  author={Huang, Xin and Zhang, Qi and Feng, Ying and Li, Hongdong and Wang, Xuan and Wang, Qing},
  booktitle={CVPR},
  pages={18398--18408},
  year={2022}
}
@inproceedings{suhail2022light,
  title={{Light Field Neural Rendering}},
  author={Suhail, Mohammed and Esteves, Carlos and Sigal, Leonid and Makadia, Ameesh},
  booktitle={CVPR},
  pages={8269--8279},
  year={2022}
}
@inproceedings{xiangli2021citynerf,
  title={{BungeeNeRF: Progressive Neural Radiance Field for Extreme Multi-scale Scene Rendering}},
  author={Xiangli, Yuanbo and Xu, Linning and Pan, Xingang and Zhao, Nanxuan and Rao, Anyi and Theobalt, Christian and Dai, Bo and Lin, Dahua},
  booktitle={ECCV},
  pages={106--122},
  year={2022}
}
@inproceedings{mildenhall2022nerf,
  title={{NeRF in the Dark: High Dynamic Range View Synthesis from Noisy Raw Images}},
  author={Mildenhall, Ben and Hedman, Peter and Martin-Brualla, Ricardo and Srinivasan, Pratul and Barron, Jonathan},
  booktitle={CVPR},
  pages={16190--16199},
  year={2022}
}
@inproceedings{rematas2022urban,
  title={{Urban Radiance Fields}},
  author={Rematas, Konstantinos and Liu, Andrew and Srinivasan, Pratul and Barron, Jonathan and Tagliasacchi, Andrea and Funkhouser, Thomas and Ferrari, Vittorio},
  booktitle={CVPR},
  pages={12932--12942},
  year={2022}
}
@inproceedings{liu2021editing,
  title={{Editing Conditional Radiance Fields}},
  author={Liu, Steven and Zhang, Xiuming and Zhang, Zhoutong and Zhang, Richard and Zhu, Jun-Yan and Russell, Bryan},
  booktitle={ICCV},
  pages={5773--5783},
  year={2021}
}
@inproceedings{kania2022conerf,
  title     = {{CoNeRF: Controllable Neural Radiance Fields}},
  author    = {Kania, Kacper and Yi, Kwang Moo and Kowalski, Marek and Trzci{\'n}ski, Tomasz and Tagliasacchi, Andrea},
  booktitle   = {CVPR},
  year      = {2022}
}
@inproceedings{wang2022clip,
  title={{CLIP-NeRF: Text-and-Image Driven Manipulation of Neural Radiance Fields}},
  author={Wang, Can and Chai, Menglei and He, Mingming and Chen, Dongdong and Liao, Jing},
  booktitle={CVPR},
  pages={3835--3844},
  year={2022}
}
@article{kim2022ae,
  title={{AE-NeRF: Auto-Encoding Neural Radiance Fields for 3D-Aware Object Manipulation}},
  author={Kim, Mira and Ko, Jaehoon and Cho, Kyusun and Choi, Junmyeong and Choi, Daewon and Kim, Seungryong},
  journal={arXiv preprint arXiv:2204.13426},
  year={2022}
}
@inproceedings{cheng2022cross,
  title={{Cross-Modal 3D Shape Generation and Manipulation}},
  author={Cheng, Zezhou and Chai, Menglei and Ren, Jian and Lee, Hsin-Ying and Olszewski, Kyle and Huang, Zeng and Maji, Subhransu and Tulyakov, Sergey},
  booktitle={ECCV},
  pages={303--321},
  year={2022},
  organization={Springer}
}
@inproceedings{yuan2022nerf,
    title     = {{NeRF-Editing: Geometry Editing of Neural Radiance Fields}},
  author={Yuan, Yu-Jie and Sun, Yang-Tian and Lai, Yu-Kun and Ma, Yuewen and Jia, Rongfei and Gao, Lin},
  booktitle={CVPR},
  pages={18353--18364},
  year={2022}
}
@inproceedings{sun2022fenerf,
  title={{FENeRF: Face Editing in Neural Radiance Fields}},
  author={Sun, Jingxiang and Wang, Xuan and Zhang, Yong and Li, Xiaoyu and Zhang, Qi and Liu, Yebin and Wang, Jue},
  booktitle={CVPR},
  pages={7672--7682},
  year={2022}
}
@inproceedings{yang2022neumesh,
  title={{NeuMesh: Learning Disentangled Neural Mesh-based Implicit Field for Geometry and Texture Editing}},
  author={Yang, Bangbang and Bao, Chong and Zeng, Junyi and Bao, Hujun and Zhang, Yinda and Cui, Zhaopeng and Zhang, Guofeng},
  booktitle={ECCV},
  pages={597--614},
  year={2022}
}
@inproceedings{xian2021space,
  title={{Space-time Neural Irradiance Fields for Free-viewpoint Video}},
  author={Xian, Wenqi and Huang, Jia-Bin and Kopf, Johannes and Kim, Changil},
  booktitle={CVPR},
  pages={9421--9431},
  year={2021}
}
@inproceedings{athar2022rignerf,
  title={{RigNeRF: Fully Controllable Neural 3D Portraits}},
  author={Athar, ShahRukh and Xu, Zexiang and Sunkavalli, Kalyan and Shechtman, Eli and Shu, Zhixin},
  booktitle={CVPR},
  pages={20364--20373},
  year={2022}
}
@inproceedings{noguchi2022watch,
  title={{Watch It Move: Unsupervised Discovery of 3D Joints for Re-Posing of Articulated Objects}},
  author={Noguchi, Atsuhiro and Iqbal, Umar and Tremblay, Jonathan and Harada, Tatsuya and Gallo, Orazio},
  booktitle={CVPR},
  pages={3677--3687},
  year={2022}
}
@inproceedings{wang2022fourier,
  title={{Fourier PlenOctrees for Dynamic Radiance Field Rendering in Real-time}},
  author={Wang, Liao and Zhang, Jiakai and Liu, Xinhang and Zhao, Fuqiang and Zhang, Yanshun and Zhang, Yingliang and Wu, Minye and Yu, Jingyi and Xu, Lan},
  booktitle={CVPR},
  pages={13524--13534},
  year={2022}
}
@article{attal2021torf,
  title={{T{\"o}RF: Time-of-Flight Radiance Fields for Dynamic Scene View Synthesis}},
  author={Attal, Benjamin and Laidlaw, Eliot and Gokaslan, Aaron and Kim, Changil and Richardt, Christian and Tompkin, James and O'Toole, Matthew},
  journal={NeurIPS},
  volume={34},
  pages={26289--26301},
  year={2021}
}
@article{loper2015smpl,
author = {Loper, Matthew and Mahmood, Naureen and Romero, Javier and Pons-Moll, Gerard and Black, Michael},
title = {{SMPL: A Skinned Multi-Person Linear Model}},
year = {2015},
issue_date = {November 2015},
publisher = {Association for Computing Machinery},
address = {New York, NY, USA},
volume = {34},
number = {6},
journal = {ACM Trans. Graph.},
articleno = {248},
numpages = {16},
keywords = {skinning, body shape, soft-tissue, blendshapes}
}
@inproceedings{weng2022humannerf,
  title={{HumanNeRF: Free-viewpoint Rendering of Moving People from Monocular Video}},
  author={Weng, Chung-Yi and Curless, Brian and Srinivasan, Pratul and Barron, Jonathan and Kemelmacher-Shlizerman, Ira},
  booktitle={CVPR},
  pages={16210--16220},
  year={2022}
}
@inproceedings{jiang2022neuman,
  title={{NeuMan: Neural Human Radiance Field from a Single Video}},
  author={Jiang, Wei and Yi, Kwang Moo and Samei, Golnoosh and Tuzel, Oncel and Ranjan, Anurag},
  booktitle={ECCV},
  pages={402--418},
  year={2022},
  organization={Springer}
}
@inproceedings{zhao2022humannerf,
  title={{HumanNeRF: Efficiently Generated Human Radiance Field from Sparse Inputs}},
  author={Zhao, Fuqiang and Yang, Wei and Zhang, Jiakai and Lin, Pei and Zhang, Yingliang and Yu, Jingyi and Xu, Lan},
  booktitle={CVPR},
  pages={7743--7753},
  year={2022}
}
@inproceedings{zhuang2021mofanerf,
  title={{MoFaNeRF: Morphable Facial Neural Radiance Field}},
  author={Zhuang, Yiyu and Zhu, Hao and Sun, Xusen and Cao, Xun},
  booktitle={ECCV},
  pages={268--285},
  year={2022}
}
@inproceedings{gafni2021dynamic,
  title={{Dynamic Neural Radiance Fields for Monocular 4d Facial Avatar Reconstruction}},
  author={Gafni, Guy and Thies, Justus and Zollhofer, Michael and Nie{\ss}ner, Matthias},
  booktitle={CVPR},
  pages={8649--8658},
  year={2021}
}
@inproceedings{mihajlovic2022keypointnerf,
  title = {{KeypointNeRF: Generalizing Image-based Volumetric Avatars using Relative Spatial Encoding of Keypoints}},
  author = {Mihajlovic, Marko and Bansal, Aayush and Zollhoefer, Michael and Tang, Siyu and Saito, Shunsuke},
  booktitle={ECCV},
  year={2022},
}
@inproceedings{wang2022morf,
author = {Wang, Daoye and Chandran, Prashanth and Zoss, Gaspard and Bradley, Derek and Gotardo, Paulo},
title = {{MoRF: Morphable Radiance Fields for Multiview Neural Head Modeling}},
year = {2022},
isbn = {9781450393379},
publisher = {Association for Computing Machinery},
address = {New York, NY, USA},
abstract = {Recent research work has developed powerful generative models (e.g., StyleGAN2) that can synthesize complete human head images with impressive photorealism, enabling applications such as photorealistically editing real photographs. While these models can be trained on large collections of unposed images, their lack of explicit 3D knowledge makes it difficult to achieve even basic control over 3D viewpoint without unintentionally altering identity. On the other hand, recent Neural Radiance Field (NeRF) methods have already achieved multiview-consistent, photorealistic renderings but they are so far limited to a single facial identity. In this paper, we propose a new Morphable Radiance Field (MoRF) method that extends a NeRF into a generative neural model that can realistically synthesize multiview-consistent images of complete human heads, with variable and controllable identity. MoRF allows for morphing between particular identities, synthesizing arbitrary new identities, or quickly generating a NeRF from few images of a new subject, all while providing realistic and consistent rendering under novel viewpoints. We train MoRF in a supervised fashion by leveraging a high-quality database of multiview portrait images of several people, captured in studio with polarization-based separation of diffuse and specular reflection. Here, we demonstrate how MoRF is a strong new step forwards towards generative NeRFs for 3D neural head modeling.},
booktitle = {SIGGRAPH},
articleno = {55},
numpages = {9},
keywords = {novel view synthesis, generative models, neural rendering, photoreal human synthesis., neural radiance fields},
location = {Vancouver, BC, Canada},
series = {SIGGRAPH '22}
}
@article{lombardi2019neural,
author = {Lombardi, Stephen and Simon, Tomas and Saragih, Jason and Schwartz, Gabriel and Lehrmann, Andreas and Sheikh, Yaser},
title = {{Neural Volumes: Learning Dynamic Renderable Volumes from Images}},
year = {2019},
issue_date = {August 2019},
publisher = {Association for Computing Machinery},
address = {New York, NY, USA},
volume = {38},
number = {4},
issn = {0730-0301},
journal = {ACM Trans. Graph.},
month = {7},
articleno = {65},
numpages = {14},
keywords = {differentiable ray marching, ray potentials, volume warping, volumetric rendering}
}
@InProceedings{ma2021pixel,
    author    = {Ma, Shugao and Simon, Tomas and Saragih, Jason and Wang, Dawei and Li, Yuecheng and De la Torre, Fernando and Sheikh, Yaser},
    title     = {{Pixel Codec Avatars}},
    booktitle = {CVPR},
    month     = {7},
    year      = {2021},
    pages     = {64-73}
}
@inproceedings{xu2022deforming,
    author    = {Xu, Tianhan and Harada, Tatsuya},
    title     = {{Deforming Radiance Fields with Cages}},
    booktitle = {ECCV},
    year      = {2022},
}
@inproceedings{wood2022dense,
title = {{3D Face Reconstruction with Dense Landmarks}},
  author={Wood, Erroll and Baltru{\v{s}}aitis, Tadas and Hewitt, Charlie and Johnson, Matthew and Shen, Jingjing and Milosavljevi{\'c}, Nikola and Wilde, Daniel and Garbin, Stephan and Sharp, Toby and Stojiljkovi{\'c}, Ivan and others},
  booktitle={ECCV},
  pages={160--177},
  year={2022}
}
@inproceedings{clough1960thefe,
  title={{The Finite Element Method in Plane Stress Analysis}},
  author={Ray William Clough},
  booktitle={Conference on Electronic Computation},
  year={1960}
}

@incollection{zienkiewicz2014the,
title = {Chapter 11 - Differential Geometry and Calculus on Manifolds},
editor = {O.C. Zienkiewicz and R.L. Taylor and David Fox},
booktitle = {{The Finite Element Method for Solid and Structural Mechanics (Seventh Edition)}},
publisher = {Butterworth-Heinemann},
edition = {Seventh Edition},
address = {Oxford},
pages = {393-447},
year = {2014},
isbn = {978-1-85617-634-7},
author = {O.C. Zienkiewicz and R.L. Taylor and David Fox},
keywords = {differential geometry, calculus on manifolds, space curves, surfaces, orthogonal group}
}
@inproceedings{molino2003tetrahedral,
  title={{Tetrahedral Mesh Generation for Deformable Bodies}},
  author={Neil Molino and Robert Bridson and Ronald Fedkiw},
  booktitle=sca,
  year={2003}
}
@book{cook2012cuda,
author = {Cook, Shane},
title = {CUDA Programming: A Developer’s Guide to Parallel Computing with GPUs},
year = {2012},
isbn = {9780124159334},
edition = {1st}
}
@inproceedings{wuu2022multiface,
  title={{Multiface: A Dataset for Neural Face Rendering}},
  author = {Wuu, Cheng-hsin and Zheng, Ningyuan and Ardisson, Scott and Bali, Rohan and Belko, Danielle and Brockmeyer, Eric and Evans, Lucas and Godisart, Timothy and Ha, Hyowon and Hypes, Alexander and Koska, Taylor and Krenn, Steven and Lombardi, Stephen and Luo, Xiaomin and McPhail, Kevyn and Millerschoen, Laura and Perdoch, Michal and Pitts, Mark and Richard, Alexander and Saragih, Jason and Saragih, Junko and Shiratori, Takaaki and Simon, Tomas and Stewart, Matt and Trimble, Autumn and Weng, Xinshuo and Whitewolf, David and Wu, Chenglei and Yu, Shoou-I and Sheikh, Yaser},
  booktitle={arXiv},
  year={2022},
}
@inproceedings{zhang2018perceptual,
  title={{The Unreasonable Effectiveness of Deep Features as a Perceptual Metric}},
  author={Zhang, Richard and Isola, Phillip and Efros, Alexei A and Shechtman, Eli and Wang, Oliver},
  booktitle={CVPR},
  year={2018}
}
@article{avcibas2002statistical,
author = {Ismail Avcibas and Bulent Sankur and Khalid Sayood},
title = {{Statistical evaluation of image quality measures}},
volume = {11},
journal = {Journal of Electronic Imaging},
number = {2},
publisher = {SPIE},
pages = {206 -- 223},
keywords = {Image quality, Distortion, Image compression, Quality measurement, Distance measurement, Digital watermarking, Visual system, Multispectral imaging, Statistical analysis, Visualization},
year = {2002},
}
@inproceedings{wang2003multiscale,
  title={{Multiscale Structural Similarity for Image Quality Assessment}},
  author={Wang, Zhou and Simoncelli, Eero P and Bovik, Alan C},
  booktitle={Conference on Signals, Systems \& Computers},
  year={2003}
}


@article{gao2022reconstructing,
 author = {Xuan Gao and Chenglai Zhong and Jun Xiang and Yang Hong and Yudong Guo and Juyong Zhang}, 
 title = {{Reconstructing Personalized Semantic Facial NeRF Models From Monocular Video}}, 
 journal = {SIGGRAPH Asia}, 
 volume = {41}, 
 number = {6}, 
 year = {2022}, 
}
@inproceedings{zhi2022dualspace,
  author={Zhi, Yihao and Qian, Shenhan and Yan, Xinhao and Gao, Shenghua},
  title={{Dual-Space NeRF: Learning Animatable Avatars and Scene Lighting in Separate Spaces}},
  booktitle={3DV},
  pages={1--10},
  year={2022},
  organization={IEEE}
}
@inproceedings{zhang2022avatargen,
  title={{AvatarGen: A 3D Generative Model for Animatable Human Avatars}},
  author={Zhang, Jianfeng and Jiang, Zihang and Yang, Dingdong and Xu, Hongyi and Shi, Yichun and Song, Guoxian and Xu, Zhongcong and Wang, Xinchao and Feng, Jiashi},
  booktitle={ECCV},
  pages={668--685},
  year={2022}
}
@inproceedings {lewis2014practice,
booktitle = {{Eurographics 2014 - State of the Art Reports}},
editor = {Sylvain Lefebvre and Michela Spagnuolo},
title = {{Practice and Theory of Blendshape Facial Models}},
author = {Lewis, J. P. and Anjyo, Ken and Rhee, Taehyun and Zhang, Mengjie and Pighin, Fred and Deng, Zhigang},
year = {2014},
publisher = {The Eurographics Association},
ISSN = {1017-4656}
}
@inproceedings{raman2022mesh,
  author = {Raman, Chirag and Hewitt, Charlie and Wood, Erroll and Baltrusaitis, Tadas},
  title = {{Mesh-Tension Driven Expression-Based Wrinkles for Synthetic Faces}},
  booktitle={WACV Workshop on Applications of Computer Vision},
  year = {2023},
}

@incollection{monk2003finite,
    author = {Monk, Peter},
    isbn = {9780198508885},
    title = {{Finite Elements on Tetrahedra}},
    booktitle = {Finite Element Methods for Maxwell's Equations},
    publisher = "Oxford University Press",
    year = {2003},
    month = {04},
    pages={99--154},
    address={Oxford, United Kingdom}
}

@book{botsch2010polygon,
  title={{Polygon Mesh Processing}},
  author={Botsch, Mario and Kobbelt, Leif and Pauly, Mark and Alliez, Pierre and L{\'e}vy, Bruno},
  year={2010},
  publisher={CRC press}
}
@inproceedings{xu2014houdini,
  title={{Houdini engine: Evolution towards a procedural pipeline}},
  author={Xu, Ken and Campeanuy, Damian},
  booktitle={Proceedings of the Fourth Symposium on Digital Production},
  pages={13--18},
  year={2014}
}
@inproceedings{yu2021plenoctrees,
  title={{Plenoctrees for Real-time Rendering of Neural Radiance Fields}},
  author={Yu, Alex and Li, Ruilong and Tancik, Matthew and Li, Hao and Ng, Ren and Kanazawa, Angjoo},
  booktitle={ICCV},
  pages={5752--5761},
  year={2021}
}


@inproceedings {rtxTetLookupNvidia,
booktitle = {High-Performance Graphics - Short Papers},
editor = {Steinberger, Markus and Foley, Tim},
title = {{RTX Beyond Ray Tracing: Exploring the Use of Hardware Ray Tracing Cores for Tet-Mesh Point Location}},
author = {Wald, Ingo and Usher, Will and Morrical, Nathan and Lediaev, Laura and Pascucci, Valerio},
year = {2019},
publisher = {The Eurographics Association},
ISSN = {2079-8687},
ISBN = {978-3-03868-092-5},
}




@inproceedings{pumarola2021d,
  title={{D-NeRF: Neural Radiance Fields for Dynamic Scenes}},
  author={Pumarola, Albert and Corona, Enric and Pons-Moll, Gerard and Moreno-Noguer, Francesc},
  booktitle={CVPR},
  pages={10318--10327},
  year={2021}
}




@inproceedings{neural_head_avatars,
  title={{Neural Head Avatars from Monocular RGB Videos}},
  author={Grassal, Philip-William and Prinzler, Malte and Leistner, Titus and Rother, Carsten and Nie{\ss}ner, Matthias and Thies, Justus},
  booktitle={CVPR},
  pages={18653--18664},
  year={2022}
}

@inproceedings{tretschk2021non,
    title = {{Non-Rigid Neural Radiance Fields: Reconstruction and Novel View Synthesis of a Dynamic Scene From Monocular Video}},
    author = {Tretschk, Edgar and Tewari, Ayush and Golyanik, Vladislav and Zollh\"{o}fer, Michael and Lassner, Christoph and Theobalt, Christian},
    booktitle = {ICCV},
     pages={12959--12970},
    year = {2021},
}

@inproceedings{raj2021pva,
  title={{PVA: Pixel-aligned Volumetric Avatars}},
  author={Raj, Amit and Zollhoefer, Michael and Simon, Tomas and Saragih, Jason and Saito, Shunsuke and Hays, James and Lombardi, Stephen},
  booktitle={arXiv:2101.02697},
  year={2020}
}

@inproceedings{NaRF,
  author    = {Noguchi, Atsuhiro and Sun, Xiao and Lin, Stephen and Harada, Tatsuya},
  title     = {{Neural Articulated Radiance Field}},
  booktitle = {ICCV},
  pages={5762--5772},
  year={2021}
}

@inproceedings{plenoctrees,
      title={{PlenOctrees for Real-time Rendering of Neural Radiance Fields}},
      author={Alex Yu and Ruilong Li and Matthew Tancik and Hao Li and Ren Ng and Angjoo Kanazawa},
      year={2021},
      booktitle={ICCV},
      pages={5752--5761},
}


@article{neuralSparseVoxelFields,
  title={{Neural Sparse Voxel Fields}},
  author={Liu, Lingjie and Gu, Jiatao and Zaw Lin, Kyaw and Chua, Tat-Seng and Theobalt, Christian},
  journal={Advances in Neural Information Processing Systems},
  volume={33},
  pages={15651--15663},
  year={2020}
}


@inproceedings{tetDeformationMedical,
  author       = "Gascón, Jorge and Espadero, José Miguel and Perez, Alvaro G. and Torres, Rosell and Otaduy, Miguel A.",
  title        = "Fast Deformation of Volume Data Using Tetrahedral Mesh Rasterization",
  booktitle    = "SIGGRAPH",
  year         = "2013",
}


@article{tetDefNvidia,
  title={{Learning Deformable Tetrahedral Meshes for 3D Reconstruction}},
  author={Gao, Jun and Chen, Wenzheng and Xiang, Tommy and Jacobson, Alec and McGuire, Morgan and Fidler, Sanja},
  journal={Advances In Neural Information Processing Systems},
  volume={33},
  pages={9936--9947},
  year={2020}
}

@inproceedings{deepMarchingTetrahedra,
 author = {Shen, Tianchang and Gao, Jun and Yin, Kangxue and Liu, Ming-Yu and Fidler, Sanja},
 booktitle = {NeurIPS},
 editor = {M. Ranzato and A. Beygelzimer and Y. Dauphin and P.S. Liang and J. Wortman Vaughan},
 pages = {6087--6101},
 publisher = {Curran Associates, Inc.},
 title = {{Deep Marching Tetrahedra: a Hybrid Representation for High-Resolution 3D Shape Synthesis}},
 volume = {34},
 year = {2021}
}

@incollection{meanValueCoordinatesPaper,
  title={{Mean Value Coordinates for Closed Triangular Meshes}},
  author={Ju, Tao and Schaefer, Scott and Warren, Joe},
  booktitle={ACM SIGGRAPH},
  pages={561--566},
  year={2005}
}

@article{10.1145/964965.808594,
author = {Kajiya, James T. and Von Herzen, Brian P},
title = {{Ray Tracing Volume Densities}},
year = {1984},
issue_date = {July 1984},
publisher = {Association for Computing Machinery},
address = {New York, NY, USA},
volume = {18},
number = {3},
issn = {0097-8930},
abstract = {This paper presents new algorithms to trace objects represented by densities within a volume grid, e.g. clouds, fog, flames, dust, particle systems. We develop the light scattering equations, discuss previous methods of solution, and present a new approximate solution to the full three-dimensional radiative scattering problem suitable for use in computer graphics. Additionally we review dynamical models for clouds used to make an animated movie.},
journal = {SIGGRAPH Comput. Graph.},
month = {jan},
pages = {165–174},
numpages = {10},
keywords = {Radiative transport, Clouds, Raster graphics, Ray tracing, Particle systems, Computer graphics, Simulation of natural phenomena, Stochastic modeling, Light scattering}
}

@inproceedings{volumeRenderingEquation,
author = {Kajiya, James T. and Von Herzen, Brian P},
title = {{Ray Tracing Volume Densities}},
year = {1984},
isbn = {0897911385},
publisher = {Association for Computing Machinery},
address = {New York, NY, USA},
abstract = {This paper presents new algorithms to trace objects represented by densities within a volume grid, e.g. clouds, fog, flames, dust, particle systems. We develop the light scattering equations, discuss previous methods of solution, and present a new approximate solution to the full three-dimensional radiative scattering problem suitable for use in computer graphics. Additionally we review dynamical models for clouds used to make an animated movie.},
booktitle = {Proceedings of the 11th Annual Conference on Computer Graphics and Interactive Techniques},
pages = {165–174},
numpages = {10},
keywords = {Raster graphics, Particle systems, Light scattering, Radiative transport, Simulation of natural phenomena, Clouds, Stochastic modeling, Computer graphics, Ray tracing},
series = {SIGGRAPH '84}
}

@article{vicini2021nonexponential,
author = {Vicini, Delio and Jakob, Wenzel and Kaplanyan, Anton},
title = {Non-Exponential Transmittance Model for Volumetric Scene Representations},
year = {2021},
issue_date = {August 2021},
volume = {40},
number = {4},
issn = {0730-0301},
journal = {ToG},
month = {7},
articleno = {136},
numpages = {16},
keywords = {level of detail, volume rendering, ray marching, differentiable rendering, transmittance, non-exponential media}
}

@inproceedings{femSimReference,
author = {Sifakis, Eftychios and Barbic, Jernej},
title = {{FEM Simulation of 3D Deformable Solids: A Practitioner's Guide to Theory, Discretization and Model Reduction}},
year = {2012},
isbn = {9781450316781},
publisher = {Association for Computing Machinery},
address = {New York, NY, USA},
abstract = {A practical guide to finite-element-method (FEM) simulation of 3D deformable solids reviews essential offline FEM simulation techniques: complex nonlinear materials, invertible treatment of elasticity, and model-reduction techniques for real-time simulation.Simulations of deformable solids are important in many applications in computer graphics, including film special effects, computer games, and virtual surgery. FEM has become a popular method in many applications. Both offline simulation and real-time techniques have matured in computer graphics literature.This course is designed for attendees familiar with numerical simulation in computer graphics who would like to obtain a cohesive picture of the various FEM simulation methods available, their strengths and weaknesses, and their applicability in various simulation scenarios. The course is also a practical implementation guide for the visual-effects developer, offering a very lean yet adequate synopsis of the underlying mathematical theory. The first section introduces FEM deformable-object simulation and its fundamental concepts, such as deformation gradient, strain, stress, and elastic energy, discusses corotational FEM models, isotropic hyperelasticity, and numerical methods such as conjugate gradients and multigrid. The second section presents the state of the art in model reduction techniques for real-time FEM solid simulation. Topics include linear modal analysis, modal warping, subspace simulation, domain decomposition, and which techniques are suitable for which application.},
booktitle = {ACM SIGGRAPH},
articleno = {20},
numpages = {50},
location = {Los Angeles, California},
series = {SIGGRAPH '12}
}

@article{optixMainPaper,
author = {Parker, Steven G. and Bigler, James and Dietrich, Andreas and Friedrich, Heiko and Hoberock, Jared and Luebke, David and McAllister, David and McGuire, Morgan and Morley, Keith and Robison, Austin and Stich, Martin},
title = {{OptiX: A General Purpose Ray Tracing Engine}},
year = {2010},
issue_date = {July 2010},
publisher = {Association for Computing Machinery},
address = {New York, NY, USA},
volume = {29},
number = {4},
issn = {0730-0301},
abstract = {The NVIDIA® OptiX™ ray tracing engine is a programmable system designed for NVIDIA GPUs and other highly parallel architectures. The OptiX engine builds on the key observation that most ray tracing algorithms can be implemented using a small set of programmable operations. Consequently, the core of OptiX is a domain-specific just-in-time compiler that generates custom ray tracing kernels by combining user-supplied programs for ray generation, material shading, object intersection, and scene traversal. This enables the implementation of a highly diverse set of ray tracing-based algorithms and applications, including interactive rendering, offline rendering, collision detection systems, artificial intelligence queries, and scientific simulations such as sound propagation. OptiX achieves high performance through a compact object model and application of several ray tracing-specific compiler optimizations. For ease of use it exposes a single-ray programming model with full support for recursion and a dynamic dispatch mechanism similar to virtual function calls.},
journal = {ACM Transactions on Graphics},
month = {jul},
articleno = {66},
numpages = {13},
keywords = {ray tracing, graphics systems, graphics hardware}
}

@INPROCEEDINGS{7504761,
  author={Roth, Daniel and Lugrin, Jean-Luc and Galakhov, Dmitri and Hofmann, Arvid and Bente, Gary and Latoschik, Marc Erich and Fuhrmann, Arnulph},
  booktitle={Virtual Reality}, 
  title={{Avatar Realism and Social Interaction Quality in Virtual Reality}}, 
  year={2016},
  volume={},
  number={},
  pages={277-278},
}

@article{faceAvatarRealism,
author = {Fysh, Matt and Trifonova, Iliyana and Allen, John and McCall, Cade and Burton, A. and Bindemann, Markus},
year = {2021},
month = {09},
pages = {},
title = {{Avatars with Faces of Real Reople: A Construction Method for Scientific Experiments in Virtual Reality}},
journal = {Behavior Research Methods},
}

@article{originalCodecAvatarsPaper,
  title={{Deep Appearance Models for Face Rendering}},
  author={Lombardi, Stephen and Saragih, Jason and Simon, Tomas and Sheikh, Yaser},
  journal={ToG},
  volume={37},
  number={4},
  pages={1--13},
  year={2018},
  publisher={ACM New York, NY, USA}
}
@inproceedings{fakeItTillYouMakeIt,
  title={{Fake It Till You Make It: Face analysis in the wild using synthetic data alone}},
  author={Wood, Erroll and Baltru\v{s}aitis, Tadas and Hewitt, Charlie and Dziadzio, Sebastian and Cashman, Thomas J and Shotton, Jamie},
  booktitle={ICCV},
  pages={3681--3691},
  year={2021}
}


@article{SMPL:2015,
      author = {Loper, Matthew and Mahmood, Naureen and Romero, Javier and Pons-Moll, Gerard and Black, Michael J.},
      title = {{SMPL: A Skinned Multi-Person Linear Model}},
      journal = {ACM Transactions on Graphics (ToG)},
      month = oct,
      number = {6},
      pages = {248:1--248:16},
      publisher = {ACM},
      volume = {34},
      year = {2015}
    }


@inproceedings{convSequence2Sequence,
  title={{Convolutional Sequence to Sequence Learning}},
  author={Gehring, Jonas and Auli, Michael and Grangier, David and Yarats, Denis and Dauphin, Yann N},
  booktitle={ICML},
  pages={1243--1252},
  year={2017},
  organization={PMLR}
}


@article{fourierFeatNetworks,
  title={{Fourier Features Let Networks Learn High Frequency Functions in Low Dimensional Domains}},
  author={Tancik, Matthew and Srinivasan, Pratul and Mildenhall, Ben and Fridovich-Keil, Sara and Raghavan, Nithin and Singhal, Utkarsh and Ramamoorthi, Ravi and Barron, Jonathan and Ng, Ren},
  journal={Advances in Neural Information Processing Systems},
  volume={33},
  pages={7537--7547},
  year={2020}
}

@article{mipNeRF,
  author    = {Jonathan T. Barron and
               Ben Mildenhall and
               Matthew Tancik and
               Peter Hedman and
               Ricardo Martin{-}Brualla and
               Pratul P. Srinivasan},
  title     = {{Mip-NeRF: A Multiscale Representation for Anti-Aliasing Neural Radiance
               Fields}},
  pages={5855--5864},
  journal={International Conference in Computer Vision},
  year={2021},
  eprinttype = {arXiv},
  eprint    = {2103.13415},
  timestamp = {Wed, 07 Apr 2021 15:31:46 +0200},
  bibsource = {dblp computer science bibliography, https://dblp.org}
}


@article{attentionIsAllYouNeed,
  title={{Attention is all you need}},
  author={Vaswani, Ashish and Shazeer, Noam and Parmar, Niki and Uszkoreit, Jakob and Jones, Llion and Gomez, Aidan N and Kaiser, {\L}ukasz and Polosukhin, Illia},
  journal={Advances in Neural Information Processing Systems},
  volume={30},
  year={2017}
}

@article{neuralImportanceSampling,
author = {M\"{u}ller, Thomas and Mcwilliams, Brian and Rousselle, Fabrice and Gross, Markus and Nov\'{a}k, Jan},
title = {{Neural Importance Sampling}},
year = {2019},
issue_date = {October 2019},
publisher = {Association for Computing Machinery},
address = {New York, NY, USA},
volume = {38},
number = {5},
issn = {0730-0301},
abstract = {We propose to use deep neural networks for generating samples in Monte Carlo integration. Our work is based on non-linear independent components estimation (NICE), which we extend in numerous ways to improve performance and enable its application to integration problems. First, we introduce piecewise-polynomial coupling transforms that greatly increase the modeling power of individual coupling layers. Second, we propose to preprocess the inputs of neural networks using one-blob encoding, which stimulates localization of computation and improves inference. Third, we derive a gradient-descent-based optimization for the Kullback-Leibler and the χ2 divergence for the specific application of Monte Carlo integration with unnormalized stochastic estimates of the target distribution. Our approach enables fast and accurate inference and efficient sample generation independently of the dimensionality of the integration domain. We show its benefits on generating natural images and in two applications to light-transport simulation: first, we demonstrate learning of joint path-sampling densities in the primary sample space and importance sampling of multi-dimensional path prefixes thereof. Second, we use our technique to extract conditional directional densities driven by the product of incident illumination and the BSDF in the rendering equation, and we leverage the densities for path guiding. In all applications, our approach yields on-par or higher performance than competing techniques at equal sample count.},
journal = {ACM Transactions on Graphics},
month = {oct},
articleno = {145},
numpages = {19},
keywords = {normalizing flows, path guiding, rendering, Monte Carlo, deep learning, importance sampling}
}



@inproceedings{nvdiffrec2021,
  title={{Extracting Triangular 3D Models, Materials, and Lighting From Images}},
  author={Munkberg, Jacob and Hasselgren, Jon and Shen, Tianchang and Gao, Jun and Chen, Wenzheng and Evans, Alex and M{\"u}ller, Thomas and Fidler, Sanja},
  booktitle={CVPR},
  pages={8280--8290},
  year={2022}
}

@article{nerfid,
  author    = {Relja Arandjelovic and
               Andrew Zisserman},
  title     = {{NeRF in detail: Learning to sample for view synthesis}},
  journal   = {CoRR},
  volume    = {abs/2106.05264},
  year      = {2021},
  eprinttype = {arXiv},
  eprint    = {2106.05264},
  timestamp = {Tue, 15 Jun 2021 16:35:15 +0200},
  bibsource = {dblp computer science bibliography, https://dblp.org}
}

@article{lorensen1987marching,
author = {Lorensen, William E. and Cline, Harvey E.},
title = {{Marching Cubes: A High Resolution 3D Surface Construction Algorithm}},
year = {1987},
issue_date = {July 1987},
publisher = {Association for Computing Machinery},
address = {New York, NY, USA},
volume = {21},
number = {4},
issn = {0097-8930},
journal = {SIGGRAPH Comput. Graph.},
month = {aug},
pages = {163–169},
numpages = {7}
}


@inproceedings{yifan2020neural,
  author={Wang Yifan and Noam Aigerman and Vladimir G. Kim and Siddhartha Chaudhuri and Olga Sorkine-Hornung},
  title={{Neural Cages for Detail-Preserving 3D Deformations}},
  booktitle = {CVPR},
  year = {2020},
}

@inproceedings{morf,
  author={Daoye Wang and Prashanth Chandran and Gaspard Zoss and Derek Bradley and Paulo Gotardo},
  title={},
  booktitle = {SIGGRAPH},
  year = {2022},
}

@article{flame_citation, 
  title = {{Learning a Model of Facial Shape and Expression from 4D Scans}}, 
  author = {Li, Tianye and Bolkart, Timo and Black, Michael. J. and Li, Hao and Romero, Javier}, 
  journal = {ACM Transactions on Graphics}, 
  volume = {36}, 
  number = {6}, 
  year = {2017}, 
  pages = {194:1--194:17},
}


@article{deferredNeuralRendering,
author = {Thies, Justus and Zollh\"{o}fer, Michael and Nie\ss{}ner, Matthias},
title = {{Deferred Neural Rendering: Image Synthesis Using Neural Textures}},
year = {2019},
issue_date = {August 2019},
publisher = {Association for Computing Machinery},
address = {New York, NY, USA},
volume = {38},
number = {4},
issn = {0730-0301},
journal = {ACM Transactions on Graphics},
month = {jul},
articleno = {66},
numpages = {12},
keywords = {facial reenactment, neural rendering, neural texture, novel view synthesis}
}

@article{kim2018deepVideoPortraits,
  title     = {{Deep Video Portraits}},
  author    = {Kim, Hyeongwoo and Garrido, Pablo and Tewari, Ayush and Xu, Weipeng and Thies, Justus and 
               Nie{\ss}ner, Matthias and P{\'e}rez, Patrick and Richardt, Christian and Zoll{\"o}fer, Michael and Theobalt, Christian},
  journal   = {ACM Transactions on Graphics},
  volume    = {37},
  number    = {4},
  pages     = {163},
  year      = {2018}
}


@inproceedings{zollhoefer2018facestar,
  title={{State of the art on Monocular 3D Face Reconstruction, Tracking, and Applications}},
  author={Zollh{\"o}fer, Michael and Thies, Justus and Garrido, Pablo and Bradley, Derek and Beeler, Thabo and P{\'e}rez, Patrick and Stamminger, Marc and Nie{\ss}ner, Matthias and Theobalt, Christian},
  booktitle={CGF},
  volume={37},
  number={2},
  pages={523--550},
  year={2018},
  organization={Wiley Online Library}
}

@inproceedings{chen2021snarf,
      title={{SNARF: Differentiable Forward Skinning for Animating Non-Rigid Neural Implicit Shapes}},
      author={Chen, Xu and Zheng, Yufeng and Black, Michael J and Hilliges, Otmar and Geiger, Andreas},
      booktitle={ICCV},
      year={2021}
    }

@inproceedings{zheng2022imavatar,
  title={{IM Avatar: Implicit Morphable Head Avatars from Videos}},
  author={Zheng, Yufeng and Abrevaya, Victoria Fernández and Bühler, Marcel C. and Chen, Xu and Black, Michael J. and Hilliges, Otmar},
  booktitle = {CVPR},
  year = {2022}
}



@inproceedings{oat2007animated,
author = {Oat, Christopher},
title = {{Animated Wrinkle Maps}},
year = {2007},
isbn = {9781450318235},
publisher = {Association for Computing Machinery},
address = {New York, NY, USA},
abstract = {An efficient method for rendering animated wrinkles on a human face is presented. This method allows an animator to independently blend multiple wrinkle maps across multiple regions of a textured mesh such as the female character shown in Figure 1. This method is both efficient in terms of computation as well as storage costs and is easily implemented in a real-time application using modern programmable graphics processors.},
booktitle = {SIGGRAPH},
pages = {33–37},
numpages = {5},
location = {San Diego, California},
series = {SIGGRAPH '07}
}

@misc{nerfstudio,
      title={{Nerfstudio: A Framework for Neural Radiance Field Development}},
      author={Tancik, Matthew and Weber, Ethan and Ng, Evonne and Li, Ruilong and Yi, Brent and Wang, Terrance and Kristoffersen, Alexander and Austin, Jake and Salahi, Kamyar and Ahuja, Abhik and McAllister, David and Kanazawa, Angjoo},
      year={2022},
      url={https://github.com/nerfstudio-project/nerfstudio}
}

@Manual{blender2022,
   title={Blender - a 3D modeling and rendering package},
   author={Blender Online Community},
   organization={Blender Foundation},
   address={Stichting Blender Foundation, Amsterdam},
   year={2022},
   url={http://www.blender.org}
 }
 
@article{tagliasacchi2022volume,
  title={{Volume Rendering Digest (for NeRF)}},
  author={Tagliasacchi, Andrea and Mildenhall, Ben},
  journal={arXiv preprint arXiv:2209.02417},
  year={2022}
}

@article{asnani2021reverse,
  title={{Reverse Engineering of Generative Models: Inferring Model Hyperparameters from Generated Images}},
  author={Asnani, Vishal and Yin, Xi and Hassner, Tal and Liu, Xiaoming},
  journal=ARXIV,
  year={2021}
}
@inproceedings{rombach2022high,
  title={{High-Resolution Image Synthesis with Latent Diffusion Models}},
  author={Rombach, Robin and Blattmann, Andreas and Lorenz, Dominik and Esser, Patrick and Ommer, Bj{\"o}rn},
  booktitle={CVPR},
  pages={10684--10695},
  year={2022}
}

@article{lombardi2021mixture,
  title={{Mixture of Volumetric Primitives for Efficient Neural Rendering}},
  author={Lombardi, Stephen and Simon, Tomas and Schwartz, Gabriel and Zollhoefer, Michael and Sheikh, Yaser and Saragih, Jason},
  journal={ACM Transactions on Graphics (ToG)},
  volume={40},
  number={4},
  pages={1--13},
  year={2021},
  publisher={ACM New York, NY, USA}
}
@article{mueller2022instant,
    author = {Thomas M\"uller and Alex Evans and Christoph Schied and Alexander Keller},
    title = {{Instant Neural Graphics Primitives with a Multiresolution Hash Encoding}},
    journal = {ToG},
    issue_date = {July 2022},
    volume = {41},
    number = {4},
    month = jul,
    year = {2022},
    pages = {102:1--102:15},
    articleno = {102},
    numpages = {15},
    publisher = {ACM},
    address = {New York, NY, USA}
}
@inproceedings{zielonka2022instant,
  title={{Instant Volumetric Head Avatars}},
  author={Zielonka, Wojciech and Bolkart, Timo and Thies, Justus},
  booktitle={CVPR},
  pages={4574--4584},
  year={2023}
}
@inproceedings{wood2021fake,
  title={{Fake It Till You Make It: Face analysis in the wild using synthetic data alone}},
  author={Wood, Erroll and Baltru{\v{s}}aitis, Tadas and Hewitt, Charlie and Dziadzio, Sebastian and Cashman, Thomas J and Shotton, Jamie},
  booktitle={CVPR},
  pages={3681--3691},
  year={2021}
}

@inproceedings{sun2021direct,
  title={{Direct Voxel Grid Optimization: Super-fast Convergence for Radiance Fields Reconstruction}},
  author={Sun, Cheng and Sun, Min and Chen, H},
  booktitle={CVPR},
  pages={5449--5459},
  year={2021}
}
@inproceedings{chen2022tensorf,
  title={{TensoRF: Tensorial Radiance Fields}},
  author={Chen, Anpei and Xu, Zexiang and Geiger, Andreas and Yu, Jingyi and Su, Hao},
  booktitle={ECCV},
  pages={333--350},
  year={2022},
}
@inproceedings{chan2022efficient,
  title={{Efficient Geometry-aware 3D Generative Adversarial Networks}},
  author={Chan, Eric R and Lin, Connor Z and Chan, Matthew A and Nagano, Koki and Pan, Boxiao and De Mello, Shalini and Gallo, Orazio and Guibas, Leonidas J and Tremblay, Jonathan and Khamis, Sameh and others},
  booktitle={CVPR},
  pages={16123--16133},
  year={2022}
}
@inproceedings{fridovich2022plenoxels,
  title={{Plenoxels: Radiance Fields without Neural Networks}},
  author={Fridovich-Keil, Sara and Yu, Alex and Tancik, Matthew and Chen, Qinhong and Recht, Benjamin and Kanazawa, Angjoo},
  booktitle={CVPR},
  pages={5501--5510},
  year={2022}
}
@inproceedings{karnewar2022relu,
  title={{ReLU Fields: The Little Non-linearity That Could}},
  author={Karnewar, Animesh and Ritschel, Tobias and Wang, Oliver and Mitra, Niloy},
  booktitle={SIGGRAPH},
  pages={1--9},
  year={2022}
}
@techreport{muller2003optimized,
  title={{Optimized Spatial Hashing for Collision Detection of Deformable Objects}},
  author={Teschner, Matthias and Heidelberger,Bruno and M{\"u}ller, Matthias and Pomeranets, Danat and Gross, Markus},
  year={2003},
  institution={Computer Graphics Laboratory, ETH Zurich, Switzerland}
}
@article{lin2021roi,
title = {{RoI Tanh-polar Transformer Network for Face Parsing in the Wild}},
journal = {Image and Vision Computing},
volume = {112},
pages = {104190},
year = {2021},
issn = {0262-8856},
author = {Yiming Lin and Jie Shen and Yujiang Wang and Maja Pantic},
keywords = {Face parsing, In-the-wild dataset, Head pose augmentation, Tanh-polar representation},
}
@inproceedings{peng2020convolutional,
  title={Convolutional occupancy networks},
  author={Peng, Songyou and Niemeyer, Michael and Mescheder, Lars and Pollefeys, Marc and Geiger, Andreas},
  booktitle={ECCV},
  pages={523--540},
  year={2020}
}

@inproceedings{shen2022learning,
  title={{Learning Dynamic Facial Radiance Fields for Few-Shot Talking Head Synthesis}},
  author={Shen, Shuai and Li, Wanhua and Zhu, Zheng and Duan, Yueqi and Zhou, Jie and Lu, Jiwen},
  booktitle={ECCV},
  pages={666--682},
  year={2022},
  organization={Springer}
}

@inproceedings{hong2022headnerf,
  title={{HeadNeRF: A Real-time NeRF-based Parametric Head Model}},
  author={Hong, Yang and Peng, Bo and Xiao, Haiyao and Liu, Ligang and Zhang, Juyong},
  booktitle={CVPR},
  pages={20374--20384},
  year={2022}
}


@inproceedings{khakhulin2022realistic,
  title={{Realistic One-shot Mesh-based Head Avatars}},
  author={Khakhulin, Taras and Sklyarova, Vanessa and Lempitsky, Victor and Zakharov, Egor},
  booktitle={ECCV},
  pages={345--362},
  year={2022}
}

@inproceedings{bashirov2024morf,
  title={{MoRF: Mobile Realistic Fullbody Avatars from a Monocular Video}},
  author={Bashirov, Renat and Larionov, Alexey and Ustinova, Evgeniya and Sidorenko, Mikhail and Svitov, David and Zakharkin, Ilya and Lempitsky, Victor},
  booktitle={WACV},
  pages={3545--3555},
  year={2024}
}

@article{burkov2023multi,
  title={{Multi-NeuS: 3D Head Portraits from Single Image with Neural Implicit Functions}},
  author={Burkov, Egor and Rakhimov, Ruslan and Safin, Aleksandr and Burnaev, Evgeny and Lempitsky, Victor},
  journal={IEEE Access},
  year={2023},
  publisher={IEEE}
}

@article{icsik2023humanrf,
  title={{HumanRF: High-Fidelity Neural Radiance Fields for Humans in Motion}},
  author={I{\c{s}}{\i}k, Mustafa and R{\"u}nz, Martin and Georgopoulos, Markos and Khakhulin, Taras and Starck, Jonathan and Agapito, Lourdes and Nie{\ss}ner, Matthias},
  journal={ToG},
  volume={42},
  number={4},
  pages={1--12},
  year={2023},
  publisher={ACM New York, NY, USA}
}
@article{kirschstein2023nersemble,
author = {Kirschstein, Tobias and Qian, Shenhan and Giebenhain, Simon and Walter, Tim and Nie\ss{}ner, Matthias},
title = {{NeRSemble: Multi-view Radiance Field Reconstruction of Human Heads}},
year = {2023},
issue_date = {August 2023},
publisher = {Association for Computing Machinery},
address = {New York, NY, USA},
volume = {42},
number = {4},
issn = {0730-0301},
abstract = {We focus on reconstructing high-fidelity radiance fields of human heads, capturing their animations over time, and synthesizing re-renderings from novel viewpoints at arbitrary time steps. To this end, we propose a new multi-view capture setup composed of 16 calibrated machine vision cameras that record time-synchronized images at 7.1 MP resolution and 73 frames per second. With our setup, we collect a new dataset of over 4700 high-resolution, high-framerate sequences of more than 220 human heads, from which we introduce a new human head reconstruction benchmark1. The recorded sequences cover a wide range of facial dynamics, including head motions, natural expressions, emotions, and spoken language. In order to reconstruct high-fidelity human heads, we propose Dynamic Neural Radiance Fields using Hash Ensembles (NeRSemble). We represent scene dynamics by combining a deformation field and an ensemble of 3D multi-resolution hash encodings. The deformation field allows for precise modeling of simple scene movements, while the ensemble of hash encodings helps to represent complex dynamics. As a result, we obtain radiance field representations of human heads that capture motion over time and facilitate re-rendering of arbitrary novel viewpoints. In a series of experiments, we explore the design choices of our method and demonstrate that our approach outperforms state-of-the-art dynamic radiance field approaches by a significant margin.},
journal = {ToG},
month = {jul},
articleno = {161},
numpages = {14},
keywords = {neural radiance fields, dynamic scene representations, novel view synthesis, multi-view video dataset, human heads}
}

@inproceedings{zheng2023pointavatar,
  title={{PointAvatar: Deformable Point-based Head Avatars from Videos}},
  author={Zheng, Yufeng and Yifan, Wang and Wetzstein, Gordon and Black, Michael J and Hilliges, Otmar},
  booktitle={CVPR},
  pages={21057--21067},
  year={2023}
}
@inproceedings{xu2023avatarmav,
  title={{AvatarMAV: Fast 3D Head Avatar Reconstruction Using Motion-Aware Neural Voxels}},
  author={Xu, Yuelang and Wang, Lizhen and Zhao, Xiaochen and Zhang, Hongwen and Liu, Yebin},
  booktitle={SIGGRAPH},
  pages={1--10},
  year={2023}
}
@inproceedings{yu2023nofa,
  title={{NOFA: NeRF-based One-shot Facial Avatar Reconstruction}},
  author={Yu, Wangbo and Fan, Yanbo and Zhang, Yong and Wang, Xuan and Yin, Fei and Bai, Yunpeng and Cao, Yan-Pei and Shan, Ying and Wu, Yang and Sun, Zhongqian and others},
  booktitle={SIGGRAPH},
  pages={1--12},
  year={2023}
}
@article{duan2023bakedavatar,
  title={{BakedAvatar: Baking Neural Fields for Real-Time Head Avatar Synthesis}},
  author={Duan, Hao-Bin and Wang, Miao and Shi, Jin-Chuan and Chen, Xu-Chuan and Cao, Yan-Pei},
  journal={ToG},
  volume={42},
  number={6},
  pages={1--17},
  year={2023},
  publisher={ACM New York, NY, USA}
}
@article{zhao2023havatar,
  title={{HAvatar: High-fidelity Head Avatar via Facial Model Conditioned Neural Radiance Field}},
  author={Zhao, Xiaochen and Wang, Lizhen and Sun, Jingxiang and Zhang, Hongwen and Suo, Jinli and Liu, Yebin},
  journal={ACM Transactions on Graphics},
  volume={43},
  number={1},
  pages={1--16},
  year={2023},
  publisher={ACM New York, NY, USA}
}
@inproceedings{wu2023ganhead,
  title={{GANHead: Towards Generative Animatable Neural Head Avatars}},
  author={Wu, Sijing and Yan, Yichao and Li, Yunhao and Cheng, Yuhao and Zhu, Wenhan and Gao, Ke and Li, Xiaobo and Zhai, Guangtao},
  booktitle={CVPR},
  pages={437--447},
  year={2023}
}
@inproceedings{bai2023high,
  title={{High-fidelity Facial Avatar Reconstruction from Monocular Video with Generative Priors}},
  author={Bai, Yunpeng and Fan, Yanbo and Wang, Xuan and Zhang, Yong and Sun, Jingxiang and Yuan, Chun and Shan, Ying},
  booktitle={CVPR},
  pages={4541--4551},
  year={2023}
}



@inproceedings{zhang2018perceptual,
  title={{The Unreasonable Effectiveness of Deep Features as a Perceptual Metric}},
  author={Zhang, Richard and Isola, Phillip and Efros, Alexei A and Shechtman, Eli and Wang, Oliver},
  booktitle=CVPR,
  year={2018}
}

@article{kajiya1984ray,
  title={{Ray Tracing Volume Densities}},
  author={Kajiya, James T and Von Herzen, Brian P},
  journal={ACM SIGGRAPH Computer Graphics},
  volume={18},
  number={3},
  pages={165--174},
  year={1984},
}

@book{facs,
  title={{What the Face Reveals: Basic and Applied Studies of Spontaneous Expression Using the Facial Action Coding System (FACS)}},
  author={Ekman, Paul and Rosenberg, Erika L},
  year={1997},
  publisher={Oxford University Press, USA}
}

@inproceedings{blanz1999morphable,
  title={{A Morphable Model for the Synthesis of 3D Faces}},
  author={Blanz, Volker and Vetter, Thomas},
  booktitle={Annual Conference on Computer Graphics and Interactive Techniques},
  year={1999}
}

@article{wu2016anatomically,
  title={{An Anatomically-Constrained Local Deformation Model for Monocular Face Capture}},
  author={Wu, Chenglei and Bradley, Derek and Gross, Markus and Beeler, Thabo},
  journal=TOG,
  volume={35},
  number={4},
  pages={1--12},
  year={2016},
}

@article{oechsle2021unisurf,
  title={{UNISURF: Unifying Neural Implicit Surfaces and Radiance Fields for Multi-view Reconstruction}},
  author={Oechsle, Michael and Peng, Songyou and Geiger, Andreas},
  journal=ARXIV,
  year={2021}
}

@article{raducanu2012supervised,
  title={{A Supervised Non-linear Dimensionality Reduction Approach for Manifold Learning}},
  author={Raducanu, Bogdan and Dornaika, Fadi},
  journal=PR,
  volume={45},
  number={6},
  pages={2432--2444},
  year={2012},
}

@inproceedings{wang2003multiscale,
  title={{Multiscale Structural Similarity for Image Quality Assessment}},
  author={Wang, Zhou and Simoncelli, Eero P and Bovik, Alan C},
  booktitle={Asilomar Conference on Signals, Systems \& Computers},
  year={2003}
}

@book{ma2012manifold,
  title={{Manifold Learning Theory and Applications}},
  author={Ma, Yunqian and Fu, Yun},
  volume={434},
  year={2012},
  publisher={CRC press Boca Raton, FL}
}

@inproceedings{simonyan2014very,
  title={{Very Deep Convolutional Networks for Large-Scale Image Recognition}},
  author={Simonyan, Karen and Zisserman, Andrew},
  booktitle=ICLR,
  year={2014}
}

@article{chui2018deep,
  title={{Deep Nets for Local Manifold Learning}},
  author={Chui, Charles K and Mhaskar, Hrushikesh N},
  journal={Frontiers in Applied Mathematics and Statistics},
  volume={4},
  pages={12},
  year={2018},
}
@article{dikkala2021manifold,
  title={{For Manifold Learning, Deep Neural Networks can be Locality Sensitive Hash Functions}},
  author={Dikkala, Nishanth and Kaplun, Gal and Panigrahy, Rina},
  journal=ARXIV,
  year={2021}
}


@article{liu2021editing,
  title={{Editing Conditional Radiance Fields}},
  author={Liu, Steven and Zhang, Xiuming and Zhang, Zhoutong and Zhang, Richard and Zhu, Jun-Yan and Russell, Bryan},
  journal=ARXIV,
  year={2021}
}

@inproceedings{park2020deformable,
  title={{Deformable Neural Radiance Fields}},
  author={Park, Keunhong and Sinha, Utkarsh and Barron, Jonathan T and Bouaziz, Sofien and Goldman, Dan B and Seitz, Steven M and Martin-Brualla, Ricardo},
  booktitle=ICCV,
  year={2021}
}
@inproceedings{trevithick2020grf,
  title={{GRF: Learning a General Radiance Field for 3D Scene Representation and Rendering}},
  author={Trevithick, Alex and Yang, Bo},
  booktitle=ICCV,
  year={2021}
}
@inproceedings{schwarz2020graf,
  title={{GRAF: Generative Radiance Fields for 3D-Aware Image Synthesis}},
  author={Schwarz, Katja and Liao, Yiyi and Niemeyer, Michael and Geiger, Andreas},
  booktitle=NIPS,
  year={2020}
}
@inproceedings{yang2021learning,
  title={{Learning Object-Compositional Neural Radiance Field for Editable Scene Rendering}},
  author={Yang, Bangbang and Zhang, Yinda and Xu, Yinghao and Li, Yijin and Zhou, Han and Bao, Hujun and Zhang, Guofeng and Cui, Zhaopeng},
  booktitle=ICCV,
  year={2021}
}
@article{guo2020object,
  title={{Object-Centric Neural Scene Rendering}},
  author={Guo, Michelle and Fathi, Alireza and Wu, Jiajun and Funkhouser, Thomas},
  journal=ARXIV,
  year={2020}
}
@inproceedings{martin2021nerf,
  title={{NeRF in the Wild: Neural Radiance Fields for Unconstrained Photo Collections}},
  author={Martin-Brualla, Ricardo and Radwan, Noha and Sajjadi, Mehdi SM and Barron, Jonathan T and Dosovitskiy, Alexey and Duckworth, Daniel},
  booktitle=CVPR,
  year={2021}
}
@article{yu2021unsupervised,
  title={{Unsupervised Discovery of Object Radiance Fields}},
  author={Yu, Hong-Xing and Guibas, Leonidas J and Wu, Jiajun},
  journal=ARXIV,
  year={2021}
}
@inproceedings{xie2021fig,
  title={{FiG-NeRF: Figure-Ground Neural Radiance Fields for 3D Object Category Modelling}},
  author={Xie, Christopher and Park, Keunhong and Martin-Brualla, Ricardo and Brown, Matthew},
  booktitle=TDV,
  year={2021}
}

@article{zhang2021nerfactor,
  title={{NeRFactor: Neural Factorization of Shape and Reflectance Under an Unknown Illumination}},
  author={Zhang, Xiuming and Srinivasan, Pratul P and Deng, Boyang and Debevec, Paul and Freeman, William T and Barron, Jonathan T},
  journal=ARXIV,
  year={2021}
}
@inproceedings{jang2021codenerf,
  title={{CodeNeRF: Disentangled Neural Radiance Fields for Object Categories}},
  author={Jang, Wonbong and Agapito, Lourdes},
  booktitle=ICCV,
  year={2021}
}
@article{zhang2020nerf++,
  title={{NeRF++: Analyzing and Improving Neural Radiance Fields}},
  author={Zhang, Kai and Riegler, Gernot and Snavely, Noah and Koltun, Vladlen},
  journal=ARXIV,
  year={2020}
}
@article{li2006efficient,
  title={{Efficient and Robust Feature Extraction by Maximum Margin Criterion}},
  author={Li, Haifeng and Jiang, Tao and Zhang, Keshu},
  journal=TNN,
  volume={17},
  number={1},
  pages={157--165},
  year={2006},
}
@article{donoho2003hessian,
  title={{Hessian Eigenmaps: Locally Linear Embedding Techniques for High-Dimensional Data}},
  author={Donoho, David L and Grimes, Carrie},
  journal={Proceedings of the National Academy of Sciences},
  volume={100},
  number={10},
  pages={5591--5596},
  year={2003},
}
@book{borg2005modern,
  title={{Modern Multidimensional Scaling: Theory and Applications}},
  author={Borg, Ingwer and Groenen, Patrick JF},
  year={2005},
  publisher={Springer Science \& Business Media}
}
@article{mcinnes2018umap,
  doi = {10.21105/joss.00861},
  url = {https://doi.org/10.21105/joss.00861},
  year = {2018},
  publisher = {The Open Journal},
  volume = {3},
  number = {29},
  pages = {861},
  author = {Leland McInnes and John Healy and Nathaniel Saul and Lukas Großberger},
  title = {{UMAP: Uniform Manifold Approximation and Projection}},
  journal = {Journal of Open Source Software}
}



@article{van2008visualizing,
  title={{Visualizing Data Using t-SNE}},
  author={Van der Maaten, Laurens and Hinton, Geoffrey},
  journal=JMLR,
  volume={9},
  number={11},
  year={2008}
}
@article{hajderanj2021impact,
  title={{The Impact of Supervised Manifold Learning on Structure Preserving and Classification Error: A Theoretical Study}},
  author={Hajderanj, Laureta and Chen, Daqing and Weheliye, Isakh},
  journal={IEEE Access},
  volume={9},
  pages={43909--43922},
  year={2021},
  publisher={IEEE}
}
@article{li2020markov,
  title={{Markov-Lipschitz Deep Learning}},
  author={Li, Stan Z and Zang, Zelin and Wu, Lirong},
  journal=ARXIV,
  year={2020}
}
@inproceedings{gashler2007iterative,
  title={{Iterative Non-linear Dimensionality Reduction with Manifold Sculpting}},
  author={Gashler, Michael and Ventura, Dan and Martinez, Tony R},
  booktitle=NIPS,
  year={2007}
}

@inproceedings{tancik2020fourier,
  title={{Fourier Features Let Networks Learn High Frequency Functions in Low Dimensional Domains}},
  author={Tancik, Matthew and Srinivasan, Pratul P and Mildenhall, Ben and Fridovich-Keil, Sara and Raghavan, Nithin and Singhal, Utkarsh and Ramamoorthi, Ravi and Barron, Jonathan T and Ng, Ren},
  booktitle=NIPS,
  year={2020}
}

@inproceedings{tretschk2021non,
  title={{Non-Rigid Neural Radiance Fields: Reconstruction and Novel View Synthesis of a Dynamic Scene From Monocular Video}},
  author={Tretschk, Edgar and Tewari, Ayush and Golyanik, Vladislav and Zollhofer, Michael and Lassner, Christoph and Theobalt, Christian},
  booktitle=ICCV,
  year={2021}
}

@inproceedings{lin2021barf,
  title={{BARF: Bundle-Adjusting Neural Radiance Fields}},
  author={Lin, Chen-Hsuan and Ma, Wei-Chiu and Torralba, Antonio and Lucey, Simon},
  booktitle=ICCV,
  year={2021}
}
@inproceedings{gafni2021dynamic,
  title={{Dynamic Neural Radiance Fields for Monocular 4D Facial Avatar Reconstruction}},
  author={Gafni, Guy and Thies, Justus and Zollhofer, Michael and Nie{\ss}ner, Matthias},
  booktitle=CVPR,
  year={2021}
}
@inproceedings{thies2016face2face,
  title={{Face2Face: Real-time Face Capture and Reenactment of RGB Videos}},
  author={Thies, Justus and Zollhofer, Michael and Stamminger, Marc and Theobalt, Christian and Nie{\ss}ner, Matthias},
  booktitle=CVPR,
  year={2016}
}
 @inproceedings{su2021anerf,
    title={{A-NeRF: A-NeRF: Articulated Neural Radiance Fields for Learning Human Shape, Appearance, and Pose}},
    author={Su, Shih-Yang and Yu, Frank and Zollh{\"o}fer, Michael and Rhodin, Helge},
    booktitle = NIPS,
    year={2021}
}

@article{loper2015smpl,
      author = {Loper, Matthew and Mahmood, Naureen and Romero, Javier and Pons-Moll, Gerard and Black, Michael J.},
      title = {{SMPL: A Skinned Multi-Person Linear Model}},
      journal = {ACM Trans. Graphics (Proc. SIGGRAPH Asia)},
      month = oct,
      number = {6},
      pages = {248:1--248:16},
      publisher = {ACM},
      volume = {34},
      year = {2015}
    }
@inproceedings{xu2021h,
  title={{H-NeRF: Neural Radiance Fields for Rendering and Temporal Reconstruction of Humans in Motion}},
  author={Xu, Hongyi and Alldieck, Thiemo and Sminchisescu, Cristian},
  booktitle=NIPS,
  year={2021}
}
@inproceedings{guo2021ad,
  title={{AD-NeRF: Audio Driven Neural Radiance Fields for Talking Head Synthesis}},
  author={Guo, Yudong and Chen, Keyu and Liang, Sen and Liu, Yongjin and Bao, Hujun and Zhang, Juyong},
  booktitle=ICCV,
  year={2021}
}
@inproceedings{liu2021neural,
  title={{Neural Actor: Neural Free-view Synthesis of Human Actors with Pose Control}},
  author={Liu, Lingjie and Habermann, Marc and Rudnev, Viktor and Sarkar, Kripasindhu and Gu, Jiatao and Theobalt, Christian},
  booktitle=SIGASIA,
  year={2021}
}
@inproceedings{mu2021sdf,
  title={{A-SDF: Learning Disentangled Signed Distance Functions for Articulated Shape Representation}},
  author={Mu, Jiteng and Qiu, Weichao and Kortylewski, Adam and Yuille, Alan and Vasconcelos, Nuno and Wang, Xiaolong},
  booktitle=ICCV,
  year={2021}
}
@article{zheng2021pamir,
  title={{PaMIR: Parametric Model-Conditioned Implicit Representation for Image-based Human Reconstruction}},
  author={Zheng, Zerong and Yu, Tao and Liu, Yebin and Dai, Qionghai},
  journal=PAMI,
  year={2021}
}
@inproceedings{he2021arch++,
  title={{ARCH++: Animation-Ready Clothed Human Reconstruction Revisited}},
  author={He, Tong and Xu, Yuanlu and Saito, Shunsuke and Soatto, Stefano and Tung, Tony},
  booktitle=ICCV,
  year={2021}
}
@inproceedings{saito2021scanimate,
  title={{SCANimate: Weakly Supervised Learning of Skinned Clothed Avatar Networks}},
  author={Saito, Shunsuke and Yang, Jinlong and Ma, Qianli and Black, Michael J},
  booktitle=CVPR,
  year={2021}
}
@inproceedings{peng2021animatable,
  title={{Animatable Neural Radiance Fields for Modeling Dynamic Human Bodies}},
  author={Peng, Sida and Dong, Junting and Wang, Qianqian and Zhang, Shangzhan and Shuai, Qing and Zhou, Xiaowei and Bao, Hujun},
  booktitle=ICCV,
  year={2021}
}
@inproceedings{mihajlovic2021leap,
  title={{LEAP: Learning Articulated Occupancy of People}},
  author={Mihajlovic, Marko and Zhang, Yan and Black, Michael J and Tang, Siyu},
  booktitle=CVPR,
  year={2021}
}
@inproceedings{noguchi2021neural,
  title={{Neural Articulated Radiance Field}},
  author={Noguchi, Atsuhiro and Sun, Xiao and Lin, Stephen and Harada, Tatsuya},
  booktitle=ICCV,
  year={2021}
}
@inproceedings{ma2021scale,
  title={{SCALE: Modeling Clothed Humans with a Surface Codec of Articulated Local Elements}},
  author={Ma, Qianli and Saito, Shunsuke and Yang, Jinlong and Tang, Siyu and Black, Michael J},
  booktitle=CVPR,
  year={2021}
}
@inproceedings{deng2020nasa,
  title={{NASA: Neural Articulated Shape Approximation}},
  author={Deng, Boyang and Lewis, John P and Jeruzalski, Timothy and Pons-Moll, Gerard and Hinton, Geoffrey and Norouzi, Mohammad and Tagliasacchi, Andrea},
  booktitle=ECCV,
  year={2020},
}
@inproceedings{alldieck2021imghum,
  title={{imGHUM: Implicit Generative Models of 3D Human Shape and Articulated Pose}},
  author={Alldieck, Thiemo and Xu, Hongyi and Sminchisescu, Cristian},
  booktitle=CVPR,
  year={2021}
}

@inproceedings{zins2021data,
  title={{Data-Driven 3D Reconstruction of Dressed Humans From Sparse Views}},
  author={Zins, Pierre and Xu, Yuanlu and Boyer, Edmond and Wuhrer, Stefanie and Tung, Tony},
  booktitle=TDV,
  year={2021}
}

@misc{jax2018github,
  author = {James Bradbury and Roy Frostig and Peter Hawkins and Matthew James Johnson and Chris Leary and Dougal Maclaurin and George Necula and Adam Paszke and Jake Vander{P}las and Skye Wanderman-{M}ilne and Qiao Zhang},
  title = {{JAX: Composable Transformations of Python+NumPy Programs}},
  howpublished = {\url{http://github.com/google/jax}},
  version = {0.2.5},
  year = {2018},
}
@inproceedings{xian2021space,
  title={{Space-time Neural Irradiance Fields for Free-Viewpoint Video}},
  author={Xian, Wenqi and Huang, Jia-Bin and Kopf, Johannes and Kim, Changil},
  booktitle=CVPR,
  year={2021}
}
@inproceedings{lin2017focal,
  title={{Focal Loss for Dense Object Detection}},
  author={Lin, Tsung-Yi and Goyal, Priya and Girshick, Ross and He, Kaiming and Doll{\'a}r, Piotr},
  booktitle=ICCV,
  year={2017}
}
@inproceedings{kulkarni2019unsupervised,
  title={{Unsupervised Learning of Object Keypoints for Perception and Control}},
  author={Kulkarni, Tejas and Gupta, Ankush and Ionescu, Catalin and Borgeaud, Sebastian and Reynolds, Malcolm and Zisserman, Andrew and Mnih, Volodymyr},
  booktitle=NIPS,
  year={2019}
}
@article{asnani2021reverse,
  title={{Reverse Engineering of Generative Models: Inferring Model Hyperparameters from Generated Images}},
  author={Asnani, Vishal and Yin, Xi and Hassner, Tal and Liu, Xiaoming},
  journal=ARXIV,
  year={2021}
}
@misc{kubric2021github,
  author = {Klaus Greff and Andrea Tagliasacchi and Derek Liu and Issam Laradji },
  title = {{Kubric}},
  howpublished = {\url{http://github.com/google-research/kubric}},
  version = {0.1.1},
  year = {2021},
}
@inproceedings{park2019deepsdf,
  title={{DeepSDF: Learning Continuous Signed Distance Functions for Shape Representation}},
  author={Park, Jeong Joon and Florence, Peter and Straub, Julian and Newcombe, Richard and Lovegrove, Steven},
  booktitle=CVPR,
  year={2019}
}
@inproceedings{kingma2014adam,
  title={{Adam: A Method for Stochastic Optimization}},
  author={Kingma, Diederik P and Ba, Jimmy},
  booktitle=ICLR,
  year={2014}
}

@inproceedings{zhang2018unreasonable,
  title={{The Unreasonable Effectiveness of Deep Features as a Perceptual Metric}},
  author={Zhang, Richard and Isola, Phillip and Efros, Alexei A and Shechtman, Eli and Wang, Oliver},
  booktitle=CVPR,
  year={2018}
}
@inproceedings{zhang2021product,
  title={{Product Manifold Learning}},
  author={Zhang, Sharon and Moscovich, Amit and Singer, Amit},
  booktitle={Inter. Conf. on Artif. Intell. and Stat.},
  year={2021},
}
@article{ren2020survey,
  title={{A Survey of Deep Active Learning}},
  author={Ren, Pengzhen and Xiao, Yun and Chang, Xiaojun and Huang, Po-Yao and Li, Zhihui and Chen, Xiaojiang and Wang, Xin},
  journal=CSUR,
  year={2020}
}
@inproceedings{belharbi2021deep,
  title={{Deep Active Learning for Joint Classification \& Segmentation with Weak Annotator}},
  author={Belharbi, Soufiane and Ben Ayed, Ismail and McCaffrey, Luke and Granger, Eric},
  booktitle=WACV,
  year={2021}
}
@inproceedings{higgins2016beta,
  title={{beta-VAE: Learning Basic Visual Concepts with a Constrained Variational Framework}},
  author={Higgins, Irina and Matthey, Loic and Pal, Arka and Burgess, Christopher and Glorot, Xavier and Botvinick, Matthew and Mohamed, Shakir and Lerchner, Alexander},
  booktitle=ICLR,
  year={2017}
}
@article{higgins2018towards,
  title={{Towards a Definition of Disentangled Representations}},
  author={Higgins, Irina and Amos, David and Pfau, David and Racaniere, Sebastien and Matthey, Loic and Rezende, Danilo and Lerchner, Alexander},
  journal=ARXIV,
  year={2018}
}
@inproceedings{chen2016infogan,
  title={{InfoGAN: Interpretable Representation Learning by Information Maximizing Generative Adversarial Nets}},
  author={Chen, Xi and Duan, Yan and Houthooft, Rein and Schulman, John and Sutskever, Ilya and Abbeel, Pieter},
  booktitle=NIPS,
  year={2016}
}
@article{immel1986radiosity,
  title={{A Radiosity Method for Non-Diffuse Environments}},
  author={Immel, David S and Cohen, Michael F and Greenberg, Donald P},
  journal={ACM SIGGRAPH Computer Graphics},
  volume={20},
  number={4},
  pages={133--142},
  year={1986},
}
@article{neumann2013sparse,
  title={{Sparse Localized Deformation Components}},
  author={Neumann, Thomas and Varanasi, Kiran and Wenger, Stephan and Wacker, Markus and Magnor, Marcus and Theobalt, Christian},
  journal=TOG,
  volume={32},
  number={6},
  pages={1--10},
  year={2013},
}

@misc{teapot,
  title = {{Teapot 3D model}},
  howpublished = {\url{https://graphics.stanford.edu/courses/cs148-10-summer/as3/code/as3/teapot.obj}},
  note = {Accessed: 2021-11-16}
}

@misc{suzanne,
title={{Suzanne 3D model}},
howpublished={\url{https://github.com/OpenGLInsights/OpenGLInsightsCode/blob/master/Chapter\%2026\%20Indexing\%20Multiple\%20Vertex\%20Arrays/article/suzanne.obj}},
  note = {Accessed: 2021-11-16}
}
@misc{bunny,
title={{Bunny 3D model}},
howpublished={\url{https://graphics.stanford.edu/~mdfisher/Data/Meshes/bunny.obj}},
  note = {Accessed: 2021-11-16}
}
@article{sun2021direct,
  title={{Direct Voxel Grid Optimization: Super-fast Convergence for Radiance Fields Reconstruction}},
  author={Sun, Cheng and Sun, Min and Chen, Hwann-Tzong},
  journal={arXiv preprint arXiv:2111.11215},
  year={2021}
}


@inproceedings{schodl2000video,
author = {Sch\"{o}dl, Arno and Szeliski, Richard and Salesin, David H. and Essa, Irfan},
title = {{Video Textures}},
year = {2000},
isbn = {1581132085},
publisher = {ACM Press/Addison-Wesley Publishing Co.},
address = {USA},
url = {https://doi.org/10.1145/344779.345012},
doi = {10.1145/344779.345012},
booktitle = {Proceedings of the 27th Annual Conference on Computer Graphics and Interactive Techniques},
pages = {489–498},
numpages = {10},
keywords = {video-based rendering, view morphing, morphing, animation, image-based rendering, multimedia, texture synthesis, video-based animation, video sprites, natural phenomena},
series = {SIGGRAPH '00}
}

@inproceedings{agarwala2004interactive,
author = {Agarwala, Aseem and Dontcheva, Mira and Agrawala, Maneesh and Drucker, Steven and Colburn, Alex and Curless, Brian and Salesin, David and Cohen, Michael},
title = {{Interactive Digital Photomontage}},
year = {2004},
isbn = {9781450378239},
publisher = {Association for Computing Machinery},
address = {New York, NY, USA},
url = {https://doi.org/10.1145/1186562.1015718},
doi = {10.1145/1186562.1015718},
booktitle = {ACM SIGGRAPH 2004 Papers},
pages = {294–302},
numpages = {9},
keywords = {Interactive image editing, user-guided optimization, image compositing},
location = {Los Angeles, California},
series = {SIGGRAPH '04}
}

@inproceedings{schodl2002controlled,
author = {Sch\"{o}dl, Arno and Essa, Irfan A.},
title = {{Controlled Animation of Video Sprites}},
year = {2002},
isbn = {1581135734},
publisher = {Association for Computing Machinery},
address = {New York, NY, USA},
url = {https://doi.org/10.1145/545261.545281},
doi = {10.1145/545261.545281},
booktitle = {Proceedings of the 2002 ACM SIGGRAPH/Eurographics Symposium on Computer Animation},
pages = {121–127},
numpages = {7},
keywords = {video sprites, optimization, video textures, character animation},
location = {San Antonio, Texas},
series = {SCA '02}
}
@article{clark1976hierarchical,
  title={{Hierarchical geometric models for visible surface algorithms}},
  author={Clark, James H},
  journal={Communications of the ACM},
  volume={19},
  number={10},
  pages={547--554},
  year={1976},
  publisher={ACM New York, NY, USA}
}
@article{niessner2012feature,
  title={{Feature-adaptive GPU rendering of Catmull-Clark subdivision surfaces}},
  author={Nie{\ss}ner, Matthias and Loop, Charles and Meyer, Mark and Derose, Tony},
  journal={TOG},
  volume={31},
  number={1},
  pages={1--11},
  year={2012},
  publisher={ACM New York, NY, USA}
}
@book{luebke2002level,
  title={{Level of Detail for 3D Graphics}},
  author={Luebke, David and Reddy, Martin and Cohen, Jonathan D and Varshney, Amitabh and Watson, Benjamin and Huebner, Robert},
  year={2002},
  publisher={Elsevier}
}
@article{kerbl20233d,
  title={{3D Gaussian Splatting for Real-Time Radiance Field Rendering}},
  author={Kerbl, Bernhard and Kopanas, Georgios and Leimk{\"u}hler, Thomas and Drettakis, George},
  journal={TOG},
  volume={42},
  number={4},
  pages={139--1},
  year={2023}
}
@inproceedings{garbin2021fastnerf,
  title={{FastNeRF: High-Fidelity Neural Rendering at 200FPS}},
  author={Garbin, Stephan J and Kowalski, Marek and Johnson, Matthew and Shotton, Jamie and Valentin, Julien},
  booktitle={CVPR},
  pages={14346--14355},
  year={2021}
}
@inproceedings{fridovich2022plenoxels,
  title={{Plenoxels: Radiance Fields without Neural Networks}},
  author={Fridovich-Keil, Sara and Yu, Alex and Tancik, Matthew and Chen, Qinhong and Recht, Benjamin and Kanazawa, Angjoo},
  booktitle={CVPR},
  pages={5501--5510},
  year={2022}
}
@inproceedings{yu2021plenoctrees,
  title={{PlenOctrees for Real-time Rendering of Neural Radiance Fields}},
  author={Yu, Alex and Li, Ruilong and Tancik, Matthew and Li, Hao and Ng, Ren and Kanazawa, Angjoo},
  booktitle={ICCV},
  pages={5752--5761},
  year={2021}
}
@inproceedings{takikawa2021neural,
  title={{Neural Geometric Level of Detail: Real-time Rendering with Implicit 3D Shapes}},
  author={Takikawa, Towaki and Litalien, Joey and Yin, Kangxue and Kreis, Karsten and Loop, Charles and Nowrouzezahrai, Derek and Jacobson, Alec and McGuire, Morgan and Fidler, Sanja},
  booktitle={CVPR},
  pages={11358--11367},
  year={2021}
}
@inproceedings{takikawa2022variable,
  title={{Variable Bitrate Neural Fields}},
  author={Takikawa, Towaki and Evans, Alex and Tremblay, Jonathan and M{\"u}ller, Thomas and McGuire, Morgan and Jacobson, Alec and Fidler, Sanja},
  booktitle={ACM SIGGRAPH 2022 Conference Proceedings},
  pages={1--9},
  year={2022}
}
@inproceedings{zwicker2001ewa,
  title={{EWA volume splatting}},
  author={Zwicker, Matthias and Pfister, Hanspeter and Van Baar, Jeroen and Gross, Markus},
  booktitle={Proceedings Visualization, 2001. VIS'01.},
  pages={29--538},
  year={2001},
  organization={IEEE}
}
@article{kerbl2024hierarchical,
  title={{A Hierarchical 3D Gaussian Representation for Real-Time Rendering of Very Large Datasets}},
  author={Kerbl, Bernhard and Meuleman, Andreas and Kopanas, Georgios and Wimmer, Michael and Lanvin, Alexandre and Drettakis, George},
  journal={ACM Transactions on Graphics (TOG)},
  volume={43},
  number={4},
  pages={1--15},
  year={2024},
  publisher={ACM New York, NY, USA}
}
@inproceedings{taming3dgs2024mallick,
    author={{Saswat Mallick and Rahul Goel} and Kerbl, Bernhard and Vicente Carrasco, Francisco and Steinberger, Markus and De La Torre, Fernando},
    title={{Taming 3DGS: High-Quality Radiance Fields with Limited Resources}},
    booktitle = {SIGGRAPH Asia 2024 Conference Papers},
    year={2024},
    doi = {10.1145/3680528.3687694},
    url = {https://humansensinglab.github.io/taming-3dgs/}
}
@inproceedings{yu2024mip,
  title={{Mip-Splatting: Alias-free 3D Gaussian Splatting}},
  author={Yu, Zehao and Chen, Anpei and Huang, Binbin and Sattler, Torsten and Geiger, Andreas},
  booktitle={CVPR},
  pages={19447--19456},
  year={2024}
}
@inproceedings{huang20242d,
  title={{2D Gaussian Splatting for Geometrically Accurate Radiance Fields}},
  author={Huang, Binbin and Yu, Zehao and Chen, Anpei and Geiger, Andreas and Gao, Shenghua},
  booktitle={ACM SIGGRAPH 2024 Conference Papers},
  pages={1--11},
  year={2024}
}
@inproceedings{liu2024citygaussian,
title={{CityGaussian: Real-time High-quality Large-Scale Scene Rendering with Gaussians}},
author={Liu, Yang and Guan, He and Luo, Chuanchen and Fan, Lue and Peng, Junran and Zhang, Zhaoxiang},
 year={2024},
 booktitle={ECCV},
}
@inproceedings{niemeyer2024radsplat,
  title={{RadSplat: Radiance Field-Informed Gaussian Splatting for Robust Real-Time Rendering with 900+ FPS}},
  author={Niemeyer, Michael and Manhardt, Fabian and Rakotosaona, Marie-Julie and Oechsle, Michael and Duckworth, Daniel and Gosula, Rama and Tateno, Keisuke and Bates, John and Kaeser, Dominik and Tombari, Federico},
 year={2024},
 booktitle={ECCV},
}

@inproceedings{bulo2024revising,
  title={{Revising Densification in Gaussian Splatting}},
  author={Bul{\`o}, Samuel Rota and Porzi, Lorenzo and Kontschieder, Peter},
 year={2024},
 booktitle={ECCV},
}
@inproceedings{morgenstern2024compact,
  title={{Compact 3D Scene Representation via Self-Organizing Gaussian Grids}},
  author={Morgenstern, Wieland and Barthel, Florian and Hilsmann, Anna and Eisert, Peter},
 year={2024},
 booktitle={ECCV},
}

@article{radl2024stopthepop,
  title={{StopThePop: Sorted Gaussian Splatting for View-Consistent Real-time Rendering}},
  author={Radl, Lukas and Steiner, Michael and Parger, Mathias and Weinrauch, Alexander and Kerbl, Bernhard and Steinberger, Markus},
  journal={TOG},
  volume={43},
  number={4},
  pages={1--17},
  year={2024},
  publisher={ACM New York, NY, USA}
}

@inproceedings{girish2023eagles,
  title={{EAGLES: Efficient Accelerated 3D Gaussians with Lightweight Encoding}},
  author={Girish, Sharath and Gupta, Kamal and Shrivastava, Abhinav},
 year={2024},
 booktitle={ECCV},
}
@article{duckworth2024smerf,
  title={{SMERF: Streamable Memory Efficient Radiance Fields for Real-Time Large-Scene Exploration}},
  author={Duckworth, Daniel and Hedman, Peter and Reiser, Christian and Zhizhin, Peter and Thibert, Jean-Fran{\c{c}}ois and Lu{\v{c}}i{\'c}, Mario and Szeliski, Richard and Barron, Jonathan T},
  journal={TOG},
  volume={43},
  number={4},
  pages={1--13},
  year={2024},
  publisher={ACM New York, NY, USA}
}
@inproceedings{fan2023lightgaussian,
  title={{LightGaussian: Unbounded 3D Gaussian Compression with 15x Reduction and 200+ FPS}},
  author={Fan, Zhiwen and Wang, Kevin and Wen, Kairun and Zhu, Zehao and Xu, Dejia and Wang, Zhangyang},
 year={2024},
 booktitle={NeurIPS},
}
@inproceedings{niedermayr2024compressed,
  title={{Compressed 3D Gaussian Splatting for Accelerated Novel View Synthesis}},
  author={Niedermayr, Simon and Stumpfegger, Josef and Westermann, R{\"u}diger},
  booktitle={CVPR},
  pages={10349--10358},
  year={2024}
}
@inproceedings{jiang2024gaussianshader,
  title={{GaussianShader: 3D Gaussian Splatting with Shading Functions for Reflective Surfaces}},
  author={Jiang, Yingwenqi and Tu, Jiadong and Liu, Yuan and Gao, Xifeng and Long, Xiaoxiao and Wang, Wenping and Ma, Yuexin},
  booktitle={CVPR},
  pages={5322--5332},
  year={2024}
}
@inproceedings{saito2024relightable,
  title={{Relightable Gaussian Codec Avatars}},
  author={Saito, Shunsuke and Schwartz, Gabriel and Simon, Tomas and Li, Junxuan and Nam, Giljoo},
  booktitle={CVPR},
  pages={130--141},
  year={2024}
}

@inproceedings{lee2024compact,
  title={{Compact 3D Gaussian Representation for Radiance Field}},
  author={Lee, Joo Chan and Rho, Daniel and Sun, Xiangyu and Ko, Jong Hwan and Park, Eunbyung},
  booktitle={CVPR},
  pages={21719--21728},
  year={2024}
}
@inproceedings{kheradmand20243d,
  title={{3D Gaussian Splatting as Markov Chain Monte Carlo}},
  author={Kheradmand, Shakiba and Rebain, Daniel and Sharma, Gopal and Sun, Weiwei and Tseng, Jeff and Isack, Hossam and Kar, Abhishek and Tagliasacchi, Andrea and Yi, Kwang Moo},
 year={2024},
 booktitle={NeurIPS},
}
@article{reiser2023merf,
  title={{MERF: Memory-Efficient Radiance Fields for Real-time View Synthesis in Unbounded Scenes}},
  author={Reiser, Christian and Szeliski, Rick and Verbin, Dor and Srinivasan, Pratul and Mildenhall, Ben and Geiger, Andreas and Barron, Jon and Hedman, Peter},
  journal={TOG},
  volume={42},
  number={4},
  pages={1--12},
  year={2023},
  publisher={ACM New York, NY, USA}
}
@article{ren2024octree,
  title={{Octree-GS: Towards Consistent Real-time Rendering with LOD-Structured 3D Gaussians}},
  author={Ren, Kerui and Jiang, Lihan and Lu, Tao and Yu, Mulin and Xu, Linning and Ni, Zhangkai and Dai, Bo},
  journal={arXiv preprint arXiv:2403.17898},
  year={2024}
}
@inproceedings{lu2024scaffold,
  title={{Scaffold-GS: Structured 3D Gaussians for View-Adaptive Renderin}},
  author={Lu, Tao and Yu, Mulin and Xu, Linning and Xiangli, Yuanbo and Wang, Limin and Lin, Dahua and Dai, Bo},
  booktitle={CVPR},
  pages={20654--20664},
  year={2024}
}
@article{seo2024flod,
  title={{FLoD: Integrating Flexible Level of Detail into 3D Gaussian Splatting for Customizable Rendering}},
  author={Seo, Yunji and Choi, Young Sun and Son, Hyun Seung and Uh, Youngjung},
  journal={arXiv preprint arXiv:2408.12894},
  year={2024}
}
@article{lombardi2021mixture,
  title={{Mixture of volumetric primitives for efficient neural rendering}},
  author={Lombardi, Stephen and Simon, Tomas and Schwartz, Gabriel and Zollhoefer, Michael and Sheikh, Yaser and Saragih, Jason},
  journal={TOG},
  volume={40},
  number={4},
  pages={1--13},
  year={2021},
  publisher={ACM New York, NY, USA}
}
@inproceedings{raj2021pixel,
  title={{Pixel-aligned Volumetric Avatars}},
  author={Raj, Amit and Zollhofer, Michael and Simon, Tomas and Saragih, Jason and Saito, Shunsuke and Hays, James and Lombardi, Stephen},
  booktitle={CVPR},
  pages={11733--11742},
  year={2021}
}
@inproceedings{xu2024texturegs,
    title={{Texture-GS: Disentangling the Geometry and Texture for 3D Gaussian Splatting Editing}}, 
    author={Tian-Xing Xu and Wenbo Hu and Yu-Kun Lai and Ying Shan and Song-Hai Zhang},
 year={2024},
 booktitle={ECCV},
}
@inproceedings{schonberger2016structure,
  title={{Structure-from-Motion Revisited}},
  author={Schonberger, Johannes L and Frahm, Jan-Michael},
  booktitle={CVPR},
  pages={4104--4113},
  year={2016}
}
@article{shi2024lapisgs,
  title={{LapisGS: Layered Progressive 3D Gaussian Splatting for Adaptive Streaming}},
  author={Shi, Yuang and Gasparini, Simone and Morin, G{\'e}raldine and Ooi, Wei Tsang},
  journal={arXiv preprint arXiv:2408.14823},
  year={2024}
}
@article{schenk2005introduction,
  title={Introduction to photogrammetry},
  author={Schenk, Toni},
  journal={The Ohio State University, Columbus},
  volume={106},
  number={1},
  pages={1},
  year={2005}
}
@inproceedings{park2019deepsdf,
  title={{DeepSDF: Learning Continuous Signed Distance Functions for Shape Representation}},
  author={Park, Jeong Joon and Florence, Peter and Straub, Julian and Newcombe, Richard and Lovegrove, Steven},
  booktitle={CVPR},
  pages={165--174},
  year={2019}
}
@inproceedings{sitzmann2021light,
  title={{Light Field Networks: Neural Scene Representations with Single-Evaluation Rendering}},
  author={Sitzmann, Vincent and Rezchikov, Semon and Freeman, Bill and Tenenbaum, Josh and Durand, Fredo},
  booktitle={NeurIPS},
  volume={34},
  pages={19313--19325},
  year={2021}
}
@inproceedings{westover1989interactive,
  title={{Interactive Volume Rendering}},
  author={Westover, Lee},
  booktitle={Proceedings of the 1989 Chapel Hill workshop on Volume visualization},
  pages={9--16},
  year={1989}
}

@inproceedings{chen2022tensorf,
  title={{TensoRF: Tensorial Radiance Fields}},
  author={Chen, Anpei and Xu, Zexiang and Geiger, Andreas and Yu, Jingyi and Su, Hao},
  booktitle={ECCV},
  pages={333--350},
  year={2022},
  organization={Springer}
}
@inproceedings{sharma2023volumetric,
  title={{Volumetric Rendering with Baked Quadrature Fields}},
  author={Sharma, Gopal and Rebain, Daniel and Yi, Kwang Moo and Tagliasacchi, Andrea},
 year={2024},
 booktitle={ECCV},
}

@inproceedings{sun2022direct,
  title={{Direct Voxel Grid Optimization: Super-Fast Convergence for Radiance Fields Reconstruction}},
  author={Sun, Cheng and Sun, Min and Chen, Hwann-Tzong},
  booktitle={CVPR},
  pages={5459--5469},
  year={2022}
}

@inproceedings{cao2023hexplane,
  title={{HexPlane: A Fast Representation for Dynamic Scenes}},
  author={Cao, Ang and Johnson, Justin},
  booktitle={CVPR},
  pages={130--141},
  year={2023}
}

@inproceedings{reiser2021kilonerf,
  title={{KiloNeRF: Speeding Up Neural Radiance Fields With Thousands of Tiny MLPs}},
  author={Reiser, Christian and Peng, Songyou and Liao, Yiyi and Geiger, Andreas},
  booktitle={ICCV},
  pages={14335--14345},
  year={2021}
}

@inproceedings{hu2023tri,
  title={{Tri-MipRF: Tri-Mip Representation for Efficient Anti-Aliasing Neural Radiance Fields}},
  author={Hu, Wenbo and Wang, Yuling and Ma, Lin and Yang, Bangbang and Gao, Lin and Liu, Xiao and Ma, Yuewen},
  booktitle={ICCV},
  pages={19774--19783},
  year={2023}
}

@inproceedings{barron2021mip,
  title={{Mip-NeRF: A Multiscale Representation for Anti-Aliasing Neural Radiance Fields}},
  author={Barron, Jonathan T and Mildenhall, Ben and Tancik, Matthew and Hedman, Peter and Martin-Brualla, Ricardo and Srinivasan, Pratul P},
  booktitle={ICCV},
  pages={5855--5864},
  year={2021}
}

@inproceedings{karnewar2022relu,
  title={{ReLU Fields: The Little Non-linearity That Could}},
  author={Karnewar, Animesh and Ritschel, Tobias and Wang, Oliver and Mitra, Niloy},
  booktitle={ACM SIGGRAPH 2022 conference proceedings},
  pages={1--9},
  year={2022}
}

@inproceedings{attal2022learning,
  title={{Learning Neural Light Fields with Ray-Space Embedding}},
  author={Attal, Benjamin and Huang, Jia-Bin and Zollh{\"o}fer, Michael and Kopf, Johannes and Kim, Changil},
  booktitle={CVPR},
  pages={19819--19829},
  year={2022}
}

@inproceedings{yi2023canonical,
  title={{Canonical Factors for Hybrid Neural Fields}},
  author={Yi, Brent and Zeng, Weijia and Buchanan, Sam and Ma, Yi},
  booktitle={ICCV},
  pages={3414--3426},
  year={2023}
}

@inproceedings{garbin2024voltemorph,
  title={{VolTeMorph: Real-time, Controllable and Generalizable Animation of Volumetric Representations}},
  author={Garbin, Stephan J and Kowalski, Marek and Estellers, Virginia and Szymanowicz, Stanislaw and Rezaeifar, Shideh and Shen, Jingjing and Johnson, Matthew A and Valentin, Julien},
  booktitle={CGS},
  volume={43},
  number={6},
  pages={e15117},
  year={2024},
  organization={Wiley Online Library}
}

@inproceedings{kheradmand2024accelerating,
  title={{Accelerating Neural Field Training via Soft Mining}},
  author={Kheradmand, Shakiba and Rebain, Daniel and Sharma, Gopal and Isack, Hossam and Kar, Abhishek and Tagliasacchi, Andrea and Yi, Kwang Moo},
  booktitle={CVPR},
  pages={20071--20080},
  year={2024}
}
@article{chen2023dictionary,
  title={{Dictionary Fields: Learning a Neural Basis Decomposition}},
  author={Chen, Anpei and Xu, Zexiang and Wei, Xinyue and Tang, Siyu and Su, Hao and Geiger, Andreas},
  journal={TOG},
  volume={42},
  number={4},
  pages={1--12},
  year={2023},
  publisher={ACM New York, NY, USA}
}
@inproceedings{barron2023zip,
  title={{Zip-NeRF: Anti-Aliased Grid-Based Neural Radiance Fields}},
  author={Barron, Jonathan T and Mildenhall, Ben and Verbin, Dor and Srinivasan, Pratul P and Hedman, Peter},
  booktitle={ICCV},
  pages={19697--19705},
  year={2023}
}
@inproceedings{jain2021putting,
  title={{Putting NeRF on a Diet: Semantically Consistent Few-Shot View Synthesis}},
  author={Jain, Ajay and Tancik, Matthew and Abbeel, Pieter},
  booktitle={ICCV},
  pages={5885--5894},
  year={2021}
}

@inproceedings{niemeyer2022regnerf,
  title={{RegNeRF: Regularizing Neural Radiance Fields for View Synthesis From Sparse Inputs}},
  author={Niemeyer, Michael and Barron, Jonathan T and Mildenhall, Ben and Sajjadi, Mehdi SM and Geiger, Andreas and Radwan, Noha},
  booktitle={CVPR},
  pages={5480--5490},
  year={2022}
}
@inproceedings{shi2024zerorf,
  title={{ZeroRF: Fast Sparse View 360deg Reconstruction with Zero Pretraining}},
  author={Shi, Ruoxi and Wei, Xinyue and Wang, Cheng and Su, Hao},
  booktitle={CVPR},
  pages={21114--21124},
  year={2024}
}
@inproceedings{goli2024bayes,
  title={{Bayes' Rays: Uncertainty Quantification for Neural Radiance Fields}},
  author={Goli, Lily and Reading, Cody and Sell{\'a}n, Silvia and Jacobson, Alec and Tagliasacchi, Andrea},
  booktitle={CVPR},
  pages={20061--20070},
  year={2024}
}
@inproceedings{yang2023freenerf,
  title={{FreeNeRF: Improving Few-shot Neural Rendering with Free Frequency Regularization}},
  author={Yang, Jiawei and Pavone, Marco and Wang, Yue},
  booktitle={CVPR},
  pages={8254--8263},
  year={2023}
}

@inproceedings{martinbrualla2020nerfw,
  author = {Martin-Brualla, Ricardo
            and Radwan, Noha
            and Sajjadi, Mehdi S. M.
            and Barron, Jonathan T.
            and Dosovitskiy, Alexey
            and Duckworth, Daniel},
  title = {{NeRF in the Wild: Neural Radiance Fields for
           Unconstrained Photo Collections}},
  booktitle = {CVPR},
  year={2021}
}

@inproceedings{rudnev2022nerf,
  title={{Neural Radiance Fields for Outdoor Scene Relighting}},
  author={Rudnev, Viktor and Elgharib, Mohamed and Smith, William and Liu, Lingjie and Golyanik, Vladislav and Theobalt, Christian},
  booktitle={European Conference on Computer Vision},
  pages={615--631},
  year={2022},
  organization={Springer}
}
@inproceedings{chen2022hallucinated,
  title={{Hallucinated Neural Radiance Fields in the Wild}},
  author={Chen, Xingyu and Zhang, Qi and Li, Xiaoyu and Chen, Yue and Feng, Ying and Wang, Xuan and Wang, Jue},
  booktitle={CVPR},
  pages={12943--12952},
  year={2022}
}

@inproceedings{verbin2022ref,
  title={{Ref-NeRF: Structured View-Dependent Appearance for Neural Radiance Fields}},
  author={Verbin, Dor and Hedman, Peter and Mildenhall, Ben and Zickler, Todd and Barron, Jonathan T and Srinivasan, Pratul P},
  booktitle={CVPR},
  pages={5481--5490},
  year={2022},
  organization={IEEE}
}
@inproceedings{fridovich2023k,
  title={{K-Planes: Explicit Radiance Fields in Space, Time, and Appearance}},
  author={Fridovich-Keil, Sara and Meanti, Giacomo and Warburg, Frederik Rahb{\ae}k and Recht, Benjamin and Kanazawa, Angjoo},
  booktitle={CVPR},
  pages={12479--12488},
  year={2023}
}
@inproceedings{ost2021neural,
  title={{Neural Scene Graphs for Dynamic Scenes}},
  author={Ost, Julian and Mannan, Fahim and Thuerey, Nils and Knodt, Julian and Heide, Felix},
  booktitle={CVPR},
  pages={2856--2865},
  year={2021}
}
@inproceedings{fischer2024multi,
  title={{Multi-Level Neural Scene Graphs for Dynamic Urban Environments}},
  author={Fischer, Tobias and Porzi, Lorenzo and Bulo, Samuel Rota and Pollefeys, Marc and Kontschieder, Peter},
  booktitle={CVPR},
  pages={21125--21135},
  year={2024}
}
@inproceedings{tonderski2024neurad,
  title={{NeuRAD: Neural Rendering for Autonomous Driving}},
  author={Tonderski, Adam and Lindstr{\"o}m, Carl and Hess, Georg and Ljungbergh, William and Svensson, Lennart and Petersson, Christoffer},
  booktitle={CVPR},
  pages={14895--14904},
  year={2024}
}
@inproceedings{mihajlovic2022keypointnerf,
  title={{KeypointNeRF: Generalizing Image-based Volumetric Avatars using Relative Spatial Encoding of Keypoints}},
  author={Mihajlovic, Marko and Bansal, Aayush and Zollhoefer, Michael and Tang, Siyu and Saito, Shunsuke},
  booktitle={ECCV},
  pages={179--197},
  year={2022},
  organization={Springer}
}
@inproceedings{gafni2021dynamic,
  title={{Dynamic Neural Radiance Fields for Monocular 4D Facial Avatar Reconstruction}},
  author={Gafni, Guy and Thies, Justus and Zollhofer, Michael and Nie{\ss}ner, Matthias},
  booktitle={Proceedings of the IEEE/CVF Conference on Computer Vision and Pattern Recognition},
  pages={8649--8658},
  year={2021}
}
@inproceedings{kania2023blendfields,
  title={{BlendFields: Few-Shot Example-Driven Facial Modeling}},
  author={Kania, Kacper and Garbin, Stephan J and Tagliasacchi, Andrea and Estellers, Virginia and Yi, Kwang Moo and Valentin, Julien and Trzci{\'n}ski, Tomasz and Kowalski, Marek},
  booktitle={CVPR},
  pages={404--415},
  year={2023}
}

@article{cao2022authentic,
author = {Cao, Chen and Simon, Tomas and Kim, Jin Kyu and Schwartz, Gabe and Zollhoefer, Michael and Saito, Shun-Suke and Lombardi, Stephen and Wei, Shih-En and Belko, Danielle and Yu, Shoou-I and Sheikh, Yaser and Saragih, Jason},
title = {{Authentic volumetric avatars from a phone scan}},
year = {2022},
issue_date = {July 2022},
publisher = {Association for Computing Machinery},
address = {New York, NY, USA},
volume = {41},
number = {4},
issn = {0730-0301},
journal = {TOG},
month = jul,
}

@inproceedings{zheng2022avatar,
  title={{I M Avatar: Implicit Morphable Head Avatars From Videos}},
  author={Zheng, Yufeng and Abrevaya, Victoria Fern{\'a}ndez and B{\"u}hler, Marcel C and Chen, Xu and Black, Michael J and Hilliges, Otmar},
  booktitle={CVPR},
  pages={13545--13555},
  year={2022}
}
@inproceedings{rebain2022lolnerf,
  title={{LOLNerf: Learn From One Look}},
  author={Rebain, Daniel and Matthews, Mark and Yi, Kwang Moo and Lagun, Dmitry and Tagliasacchi, Andrea},
  booktitle={CVPR},
  pages={1558--1567},
  year={2022}
}
@inproceedings{grassal2022neural,
  title={{Neural Head Avatars From Monocular RGB Videos}},
  author={Grassal, Philip-William and Prinzler, Malte and Leistner, Titus and Rother, Carsten and Nie{\ss}ner, Matthias and Thies, Justus},
  booktitle={CVPR},
  pages={18653--18664},
  year={2022}
}
@article{aanaes2016large,
  title={{Large-Scale Data for Multiple-View Stereopsis}},
  author={Aan{\ae}s, Henrik and Jensen, Rasmus Ramsb{\o}l and Vogiatzis, George and Tola, Engin and Dahl, Anders Bjorholm},
  journal={IJCV},
  pages={1--16},
  year={2016},
  publisher={Springer}
}


@inproceedings{fang2024mini,
  title={{Mini-Splatting: Representing Scenes with a Constrained Number of Gaussians}},
  author={Fang, Guangchi and Wang, Bing},
 year={2024},
 booktitle={ECCV},
}
@inproceedings{bojanowski2017otpimizing,
  title={{Optimizing the Latent Space of Generative Networks}},
  author={Piotr Bojanowski and Armand Joulin and David Lopez-Paz and Arthur Szlam},
  booktitle={ICML},
  year={2017},
}

@article{zhang2024gaussiancube,
      title={{GaussianCube: Structuring Gaussian Splatting using Optimal Transport for 3D Generative Modeling}}, 
      author={Bowen Zhang and Yiji Cheng and Jiaolong Yang and Chunyu Wang and Feng Zhao and Yansong Tang and Dong Chen and Baining Guo},
      year={2024},
        journal={arXiv},
      eprint={2403.19655},
      archivePrefix={arXiv},
      primaryClass={cs.CV}
  }

@article{martinez2024codec,
  author = {Julieta Martinez and Emily Kim and Javier Romero and Timur Bagautdinov and Shunsuke Saito and Shoou-I Yu and Stuart Anderson and Michael Zollhöfer and Te-Li Wang and Shaojie Bai and Chenghui Li and Shih-En Wei and Rohan Joshi and Wyatt Borsos and Tomas Simon and Jason Saragih and Paul Theodosis and Alexander Greene and Anjani Josyula and Silvio Mano Maeta and Andrew I. Jewett and Simon Venshtain and Christopher Heilman and Yueh-Tung Chen and Sidi Fu and Mohamed Ezzeldin A. Elshaer and Tingfang Du and Longhua Wu and Shen-Chi Chen and Kai Kang and Michael Wu and Youssef Emad and Steven Longay and Ashley Brewer and Hitesh Shah and James Booth and Taylor Koska and Kayla Haidle and Matt Andromalos and Joanna Hsu and Thomas Dauer and Peter Selednik and Tim Godisart and Scott Ardisson and Matthew Cipperly and Ben Humberston and Lon Farr and Bob Hansen and Peihong Guo and Dave Braun and Steven Krenn and He Wen and Lucas Evans and Natalia Fadeeva and Matthew Stewart and Gabriel Schwartz and Divam Gupta and Gyeongsik Moon and Kaiwen Guo and Yuan Dong and Yichen Xu and Takaaki Shiratori and Fabian Prada and Bernardo R. Pires and Bo Peng and Julia Buffalini and Autumn Trimble and Kevyn McPhail and Melissa Schoeller and Yaser Sheikh},
  title = {{Codec Avatar Studio: Paired Human Captures for Complete, Driveable, and Generalizable Avatars}},
  year = {2024},
  journal = {NeurIPS Track on Datasets and Benchmarks},
}
@inproceedings{xie2023diner,
  title={{DINER: Disorder-Invariant Implicit Neural Representation}},
  author={Xie, Shaowen and Zhu, Hao and Liu, Zhen and Zhang, Qi and Zhou, You and Cao, Xun and Ma, Zhan},
  booktitle={CVPR},
  pages={6143--6152},
  year={2023}
}
@inproceedings{vasconcelos2023cuf,
  title={{CUF: Continuous Upsampling Filters}},
  author={Vasconcelos, Cristina N and Oztireli, Cengiz and Matthews, Mark and Hashemi, Milad and Swersky, Kevin and Tagliasacchi, Andrea},
  booktitle={CVPR},
  pages={9999--10008},
  year={2023}
}

@book{venter2022unreal,
  title={Unreal Engine 5 Character Creation, Animation, and Cinematics: Create custom 3D assets and bring them to life in Unreal Engine 5 using MetaHuman, Lumen, and Nanite},
  author={Venter, Henk and Ogterop, Wilhelm},
  year={2022},
  publisher={Packt Publishing Ltd}
}

@incollection{flavell2010uv,
  title={Uv mapping},
  author={Flavell, Lance},
  booktitle={Beginning Blender: Open Source 3D Modeling, Animation, and Game Design},
  pages={97--122},
  year={2010},
  publisher={Springer}
}

@article{ye2024gsplatopensourcelibrarygaussian,
    title={{gsplat: An Open-Source Library for Gaussian Splatting}}, 
    author={Vickie Ye and Ruilong Li and Justin Kerr and Matias Turkulainen and Brent Yi and Zhuoyang Pan and Otto Seiskari and Jianbo Ye and Jeffrey Hu and Matthew Tancik and Angjoo Kanazawa},
    year={2024},
    eprint={2409.06765},
    journal={arXiv preprint arXiv:2409.06765},
    archivePrefix={arXiv},
    primaryClass={cs.CV},
    url={https://arxiv.org/abs/2409.06765}, 
}
@article{wang2004image,
  title={{Image quality assessment: from error visibility to structural similarity}},
  author={Wang, Zhou and Bovik, Alan C and Sheikh, Hamid R and Simoncelli, Eero P},
  journal={IEEE Transactions on Image Processing},
  volume={13},
  number={4},
  pages={600--612},
  year={2004},
  publisher={IEEE}
}
@inproceedings{zhang2018perceptual,
  title={{The Unreasonable Effectiveness of Deep Features as a Perceptual Metric}},
  author={Zhang, Richard and Isola, Phillip and Efros, Alexei A and Shechtman, Eli and Wang, Oliver},
  booktitle={CVPR},
  year={2018}
}

@article{zhang2024e3gen,
    title={{$E^{3}$Gen: Efficient, Expressive and Editable Avatars Generation}}, 
    author={Weitian Zhang and Yichao Yan and Yunhui Liu and Xingdong Sheng and Xiaokang Yang},
    year={2024},
    journal={arXiv preprint arXiv:2405.19203},
}
@article{bouza2023estimate,
  title={{How to estimate carbon footprint when training deep learning models? A guide and review}},
  author={Bouza, Luc{\'\i}a and Bugeau, Aur{\'e}lie and Lannelongue, Lo{\"\i}c},
  journal={Environmental Research Communications},
  volume={5},
  number={11},
  pages={115014},
  year={2023},
  publisher={IOP Publishing}
}
@article{pei2024deepfake,
  title={{Deepfake generation and detection: A benchmark and survey}},
  author={Pei, Gan and Zhang, Jiangning and Hu, Menghan and Zhai, Guangtao and Wang, Chengjie and Zhang, Zhenyu and Yang, Jian and Shen, Chunhua and Tao, Dacheng},
  journal={arXiv preprint arXiv:2403.17881},
  year={2024}
}
@inproceedings{fang2022fast,
  title={{Fast Dynamic Radiance Fields with Time-Aware Neural Voxels}},
  author={Fang, Jiemin and Yi, Taoran and Wang, Xinggang and Xie, Lingxi and Zhang, Xiaopeng and Liu, Wenyu and Nie{\ss}ner, Matthias and Tian, Qi},
  booktitle={SIGGRAPH Asia 2022 Conference Papers},
  pages={1--9},
  year={2022}
}
@inproceedings{zielonka2022towards,
  title={{Towards Metrical Reconstruction of Human Faces}},
  author={Zielonka, Wojciech and Bolkart, Timo and Thies, Justus},
  booktitle={ECCV},
  pages={250--269},
  year={2022},
  organization={Springer}
}
@article{feng2021learning,
  title={{Learning an Animatable Detailed 3D Face Model from In-The-Wild Images}},
  author={Feng, Yao and Feng, Haiwen and Black, Michael J and Bolkart, Timo},
  journal={ToG},
  volume={40},
  number={4},
  pages={1--13},
  year={2021},
  publisher={ACM New York, NY, USA}
}
@inproceedings{patow2003survey,
  title={{A Survey of Inverse Rendering Problems}},
  author={Patow, Gustavo and Pueyo, Xavier},
  booktitle={Computer graphics forum},
  volume={22},
  number={4},
  pages={663--687},
  year={2003},
  organization={Wiley Online Library}
}
@inproceedings{whitted1979improved,
  title={An improved illumination model for shaded display},
  author={Whitted, Turner},
  booktitle={Proceedings of the 6th annual conference on Computer graphics and interactive techniques},
  pages={14},
  year={1979}
}

@inproceedings{ramamoorthi2001envmap,
  title={An efficient representation for irradiance environment maps},
  author={Ramamoorthi, Ravi and Hanrahan, Pat},
  booktitle={Proceedings of the 28th annual conference on Computer graphics and interactive techniques},
  pages={497--500},
  year={2001}
}

@inproceedings{martin2021nerfw,
  title={Nerf in the wild: Neural radiance fields for unconstrained photo collections},
  author={Martin-Brualla, Ricardo and Radwan, Noha and Sajjadi, Mehdi SM and Barron, Jonathan T and Dosovitskiy, Alexey and Duckworth, Daniel},
  booktitle={Proceedings of the IEEE/CVF conference on computer vision and pattern recognition},
  pages={7210--7219},
  year={2021}
}

@article{mildenhall2021nerf,
  title={Nerf: Representing scenes as neural radiance fields for view synthesis},
  author={Mildenhall, Ben and Srinivasan, Pratul P and Tancik, Matthew and Barron, Jonathan T and Ramamoorthi, Ravi and Ng, Ren},
  journal={Communications of the ACM},
  volume={65},
  number={1},
  pages={99--106},
  year={2021},
  publisher={ACM New York, NY, USA}
}

@inproceedings{chen2022hallucinated,
  title={Hallucinated neural radiance fields in the wild},
  author={Chen, Xingyu and Zhang, Qi and Li, Xiaoyu and Chen, Yue and Feng, Ying and Wang, Xuan and Wang, Jue},
  booktitle={Proceedings of the IEEE/CVF Conference on Computer Vision and Pattern Recognition},
  pages={12943--12952},
  year={2022}
}

@inproceedings{yang2023crnerf,
  title={{Cross-Ray Neural Radiance Fields for Novel-view Synthesis from Unconstrained Image Collections}},
  author={Yang, Yifan and Zhang, Shuhai and Huang, Zixiong and Zhang, Yubing and Tan, Mingkui},
  booktitle={Proceedings of the IEEE/CVF International Conference on Computer Vision},
  pages={15901--15911},
  year={2023}
}

@inproceedings{rudnev2022nerfosr,
  title={{Neural Radiance Fields for Outdoor Scene Relighting}},
  author={Rudnev, Viktor and Elgharib, Mohamed and Smith, William and Liu, Lingjie and Golyanik, Vladislav and Theobalt, Christian},
  booktitle={European Conference on Computer Vision},
  pages={615--631},
  year={2022},
  organization={Springer}
}

@inproceedings{guedon2024sugar,
  title={Sugar: Surface-aligned gaussian splatting for efficient 3d mesh reconstruction and high-quality mesh rendering},
  author={Gu{\'e}don, Antoine and Lepetit, Vincent},
  booktitle={Proceedings of the IEEE/CVF Conference on Computer Vision and Pattern Recognition},
  pages={5354--5363},
  year={2024}
}


@inproceedings{green2003grittydetail,
  title={Spherical harmonic lighting: The gritty details},
  author={Green, Robin},
  booktitle={Archives of the game developers conference},
  volume={56},
  pages={4},
  year={2003}
}

@article{cai2022efficientvit,
  title={Efficientvit: Enhanced linear attention for high-resolution low-computation visual recognition},
  author={Cai, Han and Gan, Chuang and Han, Song},
  journal={arXiv preprint arXiv:2205.14756},
  year={2022}
}
@inproceedings{chang2024srtensorf,
  title={Fast sun-aligned outdoor scene relighting based on tensorf},
  author={Chang, Yeonjin and Kim, Yearim and Seo, Seunghyeon and Yi, Jung and Kwak, Nojun},
  booktitle={Proceedings of the IEEE/CVF Winter Conference on Applications of Computer Vision},
  pages={3626--3636},
  year={2024}
}

@article{philip2019multi,
  title={Multi-view relighting using a geometry-aware network.},
  author={Philip, Julien and Gharbi, Micha{\"e}l and Zhou, Tinghui and Efros, Alexei A and Drettakis, George},
  journal={ACM Trans. Graph.},
  volume={38},
  number={4},
  pages={78--1},
  year={2019}
}

@inproceedings{yu2020self,
  title={Self-supervised outdoor scene relighting},
  author={Yu, Ye and Meka, Abhimitra and Elgharib, Mohamed and Seidel, Hans-Peter and Theobalt, Christian and Smith, William AP},
  booktitle={Computer Vision--ECCV 2020: 16th European Conference, Glasgow, UK, August 23--28, 2020, Proceedings, Part XXII 16},
  pages={84--101},
  year={2020},
  organization={Springer}
}

@ARTICLE{ssim,
  author={Zhou Wang and Bovik, A.C. and Sheikh, H.R. and Simoncelli, E.P.},
  journal={IEEE Transactions on Image Processing}, 
  title={Image quality assessment: from error visibility to structural similarity}, 
  year={2004},
  volume={13},
  number={4},
  pages={600-612},
  keywords={Image quality;Humans;Transform coding;Visual system;Visual perception;Data mining;Layout;Quality assessment;Degradation;Indexes},
  doi={10.1109/TIP.2003.819861}}

@article{lalonde2009webcam,
  title={Webcam clip art: Appearance and illuminant transfer from time-lapse sequences},
  author={Lalonde, Jean-Fran{\c{c}}ois and Efros, Alexei A and Narasimhan, Srinivasa G},
  journal={ACM Transactions on Graphics (TOG)},
  volume={28},
  number={5},
  pages={1--10},
  year={2009},
  publisher={ACM New York, NY, USA}
}

@inproceedings{troccoli2005relighting,
  title={Relighting acquired models of outdoor scenes},
  author={Troccoli, Alejandro and Allen, Peter K},
  booktitle={Fifth International Conference on 3-D Digital Imaging and Modeling (3DIM'05)},
  pages={245--252},
  year={2005},
  organization={IEEE}
}

@inproceedings{haber2009relighting,
  title={Relighting objects from image collections},
  author={Haber, Tom and Fuchs, Christian and Bekaer, Philippe and Seidel, Hans-Peter and Goesele, Michael and Lensch, Hendrik PA},
  booktitle={2009 IEEE Conference on Computer Vision and Pattern Recognition},
  pages={627--634},
  year={2009},
  organization={IEEE}
}

@inproceedings{xing2013lighting,
  title={Lighting simulation of augmented outdoor scene based on a legacy photograph},
  author={Xing, Guanyu and Zhou, Xuehong and Peng, Qunsheng and Liu, Yanli and Qin, Xueying},
  booktitle={Computer Graphics Forum},
  volume={32},
  number={7},
  pages={101--110},
  year={2013},
  organization={Wiley Online Library}
}

@incollection{sunkavalli2007factored,
  title={Factored time-lapse video},
  author={Sunkavalli, Kalyan and Matusik, Wojciech and Pfister, Hanspeter and Rusinkiewicz, Szymon},
  booktitle={ACM SIGGRAPH 2007 papers},
  pages={101--es},
  year={2007}
}

@article{duchene2015multi,
  title={Multi-view intrinsic images of outdoors scenes with an application to relighting},
  author={Duch{\^e}ne, Sylvain and Riant, Clement and Chaurasia, Gaurav and Lopez-Moreno, Jorge and Laffont, Pierre-Yves and Popov, Stefan and Bousseau, Adrien and Drettakis, George},
  journal={ACM Transactions on Graphics},
  pages={16},
  year={2015}
}

@article{barron2014shape,
  title={Shape, illumination, and reflectance from shading},
  author={Barron, Jonathan T and Malik, Jitendra},
  journal={IEEE transactions on pattern analysis and machine intelligence},
  volume={37},
  number={8},
  pages={1670--1687},
  year={2014},
  publisher={IEEE}
}

@inproceedings{li2023msnerf,
  title={NeRF-MS: Neural Radiance Fields with Multi-Sequence},
  author={Li, Peihao and Wang, Shaohui and Yang, Chen and Liu, Bingbing and Qiu, Weichao and Wang, Haoqian},
  booktitle={Proceedings of the IEEE/CVF International Conference on Computer Vision},
  pages={18591--18600},
  year={2023}
}

@inproceedings{dahmani2024swagsplattingwildimages,
  title={Swag: Splatting in the wild images with appearance-conditioned gaussians},
  author={Dahmani, Hiba and Bennehar, Moussab and Piasco, Nathan and Roldao, Luis and Tsishkou, Dzmitry},
  booktitle={European Conference on Computer Vision},
  pages={325--340},
  year={2025},
  organization={Springer}
}


@inproceedings{zhang2024gaussian,
  title={Gaussian in the wild: 3d gaussian splatting for unconstrained image collections},
  author={Zhang, Dongbin and Wang, Chuming and Wang, Weitao and Li, Peihao and Qin, Minghan and Wang, Haoqian},
  booktitle={European Conference on Computer Vision},
  pages={341--359},
  year={2025},
  organization={Springer}
}

@article{xu2024wildgs,
  title={Wild-GS: Real-Time Novel View Synthesis from Unconstrained Photo Collections},
  author={Xu, Jiacong and Mei, Yiqun and Patel, Vishal M},
  journal={arXiv preprint arXiv:2406.10373},
  year={2024}
}

@article{wang2024wegs,
  title={WE-GS: An In-the-wild Efficient 3D Gaussian Representation for Unconstrained Photo Collections},
  author={Wang, Yuze and Wang, Junyi and Qi, Yue},
  journal={arXiv preprint arXiv:2406.02407},
  year={2024}
}

@article{zhang2021nerfactor,
  title={Nerfactor: Neural factorization of shape and reflectance under an unknown illumination},
  author={Zhang, Xiuming and Srinivasan, Pratul P and Deng, Boyang and Debevec, Paul and Freeman, William T and Barron, Jonathan T},
  journal={ACM Transactions on Graphics (ToG)},
  volume={40},
  number={6},
  pages={1--18},
  year={2021},
  publisher={ACM New York, NY, USA}
}

@article{gao2023relightable,
  title={Relightable 3d gaussian: Real-time point cloud relighting with brdf decomposition and ray tracing},
  author={Gao, Jian and Gu, Chun and Lin, Youtian and Zhu, Hao and Cao, Xun and Zhang, Li and Yao, Yao},
  journal={arXiv preprint arXiv:2311.16043},
  year={2023}
}

@inproceedings{liang2024gs,
  title={Gs-ir: 3d gaussian splatting for inverse rendering},
  author={Liang, Zhihao and Zhang, Qi and Feng, Ying and Shan, Ying and Jia, Kui},
  booktitle={Proceedings of the IEEE/CVF Conference on Computer Vision and Pattern Recognition},
  pages={21644--21653},
  year={2024}
}

@article{shi2023gir,
  title={Gir: 3d gaussian inverse rendering for relightable scene factorization},
  author={Shi, Yahao and Wu, Yanmin and Wu, Chenming and Liu, Xing and Zhao, Chen and Feng, Haocheng and Liu, Jingtuo and Zhang, Liangjun and Zhang, Jian and Zhou, Bin and others},
  journal={arXiv preprint arXiv:2312.05133},
  year={2023}
}

@inproceedings{saito2024relightablecodecavatar,
  title={Relightable gaussian codec avatars},
  author={Saito, Shunsuke and Schwartz, Gabriel and Simon, Tomas and Li, Junxuan and Nam, Giljoo},
  booktitle={Proceedings of the IEEE/CVF Conference on Computer Vision and Pattern Recognition},
  pages={130--141},
  year={2024}
}

@inproceedings{srinivasan2021nerv,
  title={Nerv: Neural reflectance and visibility fields for relighting and view synthesis},
  author={Srinivasan, Pratul P and Deng, Boyang and Zhang, Xiuming and Tancik, Matthew and Mildenhall, Ben and Barron, Jonathan T},
  booktitle={Proceedings of the IEEE/CVF Conference on Computer Vision and Pattern Recognition},
  pages={7495--7504},
  year={2021}
}


@inproceedings {sun2021nelf,
    booktitle = {Eurographics Symposium on Rendering},
    title = {NeLF: Neural Light-transport Field for Portrait View Synthesis and Relighting},
    author = {Sun, Tiancheng and Lin, Kai-En and Bi, Sai and Xu, Zexiang and Ramamoorthi, Ravi},
    year = {2021},
}

@inproceedings{zwicker2001ewa,
  title={EWA volume splatting},
  author={Zwicker, Matthias and Pfister, Hanspeter and Van Baar, Jeroen and Gross, Markus},
  booktitle={Proceedings Visualization, 2001. VIS'01.},
  pages={29--538},
  year={2001},
  organization={IEEE}
}


@inproceedings{gardner2023neusky,
  title={The Sky’s the Limit: Relightable Outdoor Scenes via a Sky-Pixel Constrained Illumination Prior and Outside-In Visibility},
  author={Gardner, James AD and Kashin, Evgenii and Egger, Bernhard and Smith, William AP},
  booktitle={European Conference on Computer Vision},
  pages={126--143},
  year={2025},
  organization={Springer}
}

@inproceedings{solnerf,
author = {Sun, Jia-Mu and Wu, Tong and Yang, Yong-Liang and Lai, Yu-Kun and Gao, Lin},
title = {{SOL-NeRF: Sunlight Modeling for Outdoor Scene Decomposition and Relighting}},
year = {2023},
isbn = {9798400703157},
publisher = {Association for Computing Machinery},
address = {New York, NY, USA},
url = {https://doi.org/10.1145/3610548.3618143},
doi = {10.1145/3610548.3618143},
booktitle = {SIGGRAPH Asia 2023 Conference Papers},
articleno = {31},
numpages = {11},
keywords = {inverse rendering, neural radiance fields, outdoor scene reconstruction},
location = {Sydney, NSW, Australia},
series = {SA '23}
}

@inproceedings{wang2023fegr,
title = {Neural Fields meet Explicit Geometric Representations for Inverse Rendering of Urban Scenes}, 
author = {Zian Wang and Tianchang Shen and Jun Gao and Shengyu Huang and Jacob Munkberg and Jon Hasselgren and Zan Gojcic and Wenzheng Chen and Sanja Fidler},
booktitle = {The IEEE Conference on Computer Vision and Pattern Recognition (CVPR)},
month = {June},
year = {2023}
}

@inproceedings{yang2023complementary,
  title={Complementary Intrinsics from Neural Radiance Fields and CNNs for Outdoor Scene Relighting},
  author={Yang, Siqi and Cui, Xuanning and Zhu, Yongjie and Tang, Jiajun and Li, Si and Yu, Zhaofei and Shi, Boxin},
  booktitle={Proceedings of the IEEE/CVF Conference on Computer Vision and Pattern Recognition},
  pages={16600--16609},
  year={2023}
}

@article{urbanir,
  title={Neural Radiance Field in Autonomous Driving: A Survey},
  author={He, Lei and Li, Leheng and Sun, Wenchao and Han, Zeyu and Liu, Yichen and Zheng, Sifa and Wang, Jianqiang and Li, Keqiang},
  journal={arXiv preprint arXiv:2404.13816},
  year={2024}
}


@inproceedings{
  pun2023lightsim,
  title={Neural Lighting Simulation for Urban Scenes},
  author={Ava Pun and Gary Sun and Jingkang Wang and Yun Chen and Ze Yang and Sivabalan Manivasagam and Wei-Chiu Ma and Raquel Urtasun},
  booktitle={Thirty-seventh Conference on Neural Information Processing Systems},
  year={2023},
  url={https://openreview.net/forum?id=mcx8IGneYw}
}

@article{slomp2006gentle,
  title={{A gentle introduction to precomputed radiance transfer}},
  author={Slomp, Marcos Paulo Berteli and Oliveira Neto, Manuel Menezes de and Patr{\'\i}cio, Diego In{\'a}cio},
  journal={Revista de inform{\'a}tica te{\'o}rica e aplicada. Porto Alegre. Vol. 13, n. 2 (2006), p. 131-160},
  year={2006}
}

@inproceedings{li2022neulighting,
  title={{Neulighting: Neural lighting for free viewpoint outdoor scene relighting with unconstrained photo collections}},
  author={Li, Quewei and Guo, Jie and Fei, Yang and Li, Feichao and Guo, Yanwen},
  booktitle={SIGGRAPH Asia 2022 Conference Papers},
  pages={1--9},
  year={2022}
}

@misc{zhang2024prtgaussianefficientrelightingusing,
      title={{PRTGaussian: Efficient Relighting Using 3D Gaussians with Precomputed Radiance Transfer}}, 
      author={Libo Zhang and Yuxuan Han and Wenbin Lin and Jingwang Ling and Feng Xu},
      year={2024},
      eprint={2408.05631},
      archivePrefix={arXiv},
      primaryClass={cs.CV},
      url={https://arxiv.org/abs/2408.05631}, 
}

@inproceedings {zeng2023nrhints,
    title      = {{Relighting Neural Radiance Fields with Shadow and Highlight Hints}},
    author     = {Chong Zeng and Guojun Chen and Yue Dong and Pieter Peers and Hongzhi Wu and Xin Tong},
    booktitle  = {ACM SIGGRAPH 2023 Conference Proceedings},
    year       = {2023}
}
@inproceedings{kaleta2024lumigauss,
  title={{LumiGauss: High-Fidelity Outdoor Relighting with 2D Gaussian Splatting}},
  author={Kaleta, Joanna and Kania, Kacper and Trzcinski, Tomasz and Kowalski, Marek},
  booktitle=WACV,
  year={2025}
}
@misc{kania2024clog,
      title={{CLoG: Leveraging UV Space for Continuous Levels of Detail}}, 
      author={Kacper Kania and Rawal Khirodkar and Shunsuke Saito and Kwang Moo Yi and Julieta Martinez},
      year={2024},
}
@article{kania2021trajevae,
title={{TrajeVAE: Controllable Human Motion Generation from Trajectories}},
author={Kania, Kacper and Kowalski, Marek and Trzci{\'n}ski, Tomasz},
journal={arXiv preprint arXiv:2104.00351},
year={2021},
author+an={1=highlight},
}
@article{stypulkowski2021representing,
title={{Representing Point Clouds with Generative Conditional Invertible Flow Networks}},
author={Stypu{\l}kowski, Micha{\l} and Kania, Kacper and Zamorski, Maciej and Zi{\k{e}}ba, Maciej and Trzci{\'n}ski, Tomasz and Chorowski, Jan},
journal={Pattern Recognition Letters},
volume={150},
pages={26--32},
year={2021},
publisher={Elsevier},
author+an={2=highlight},
}
@article{xia2023densify,
  title={{Densify Your Labels: Unsupervised Clustering with Bipartite Matching for Weakly Supervised Point Cloud Segmentation}},
  author={Xia, Shaobo and Yue, Jun and Kania, Kacper and Fang, Leyuan and Tagliasacchi, Andrea and Yi, Kwang Moo and Sun, Weiwei},
  journal={arXiv preprint arXiv:2312.06799},
  year={2023},
  author+an={3=highlight},
}
@inproceedings{esposito2024geogen,
  title={{GeoGen: Geometry-Aware Generative Modeling via Signed Distance Functions}},
  author={Esposito, Salvatore and Xu, Qingshan and Kania, Kacper and Hewitt, Charlie and Mariotti, Octave and Petikam, Lohit and Valentin, Julien and Onken, Arno and Mac Aodha, Oisin},
  booktitle=CVPRW,
  pages={7479--7488},
  year={2024},
  author+an={3=highlight},
}
@inproceedings{spurek2024modeling,
  title={{Modeling 3D Surfaces with a Locally Conditioned Atlas}},
  author={Spurek, Przemys{\l}aw and Winczowski, Sebastian and Zi{\k{e}}ba, Maciej and Trzci{\'n}ski, Tomasz and Kania, Kacper and Mazur, Marcin},
  booktitle=ICCS,
  pages={100--115},
  year={2024},
  organization={Springer},
  author+an={5=highlight},
}
@article{kania2020ucsg,
  title={{UCSG-NET -- Unsupervised Discovering of Constructive Solid Geometry Tree}},
  author={Kania, Kacper and Zi{\k{e}}ba, Maciej and Kajdanowicz, Tomasz},
  journal=NIPS,
  volume={33},
  pages={8776--8786},
  year={2020},
  author+an={1=highlight},
}